catalog_number,scan_name,provisional_id,layer_in_batch,scan_folder,trip_folder,element,side,site,scan_voxelsize_mm,scanned,true_voxelsize_mm,raw_ply,fill_ply,crop_ply,checked,notes,last_mod,scan_metadata,processor,mod_by,morphosource_tiff,morphosource_surface,morphosource_checked,morphosource_media,citation,"Folder Struct Check[0,1]"
UF326308,CAB11-0644,macrocranion<, ,CAB11-0644,201402,M/1, ,v06061,0.003670645759,Y,0.003719998726,X,X,X,WORN, ,3/1/14,201402-11,NSV, ,TRUE,TRUE,TRUE,M10358, ,1
UF283242,UF283242,erinaceomorpha, ,CAB11-0644,201402,M3/, ,v12029,0.003670645759,Y,0.003719998726,X,X,X,X, ,4/11/17,201402-11,NSV, ,FALSE,FALSE,FALSE,, ,1
UF284245,UF284245,erinaceomorpha, ,CAB11-0644,201402,M/3, ,v12029,0.003670645759,Y,0.003719998726,X,BROKEN,:(,:(,entoconid broken; raw file lost in hard drive crash,12/10/17,201402-11,NSV, ,FALSE,FALSE,FALSE,, ,1
UF326329,CAB11-0665,erinaceomorpha, ,CAB11-0665,201402,M/1 or M/2, ,v06061,0.004079926088,Y,0.004130435378,X,BROKEN,:(,:(, ,12/10/17,201402-23,NSV, ,FALSE,FALSE,FALSE,, ,1
UF328396,CAB12-1013,macrocranion<, ,CAB11-0665,201402,dp/4, ,v06061,0.004079926088,Y,0.004130435378,X,X,X,BROKEN,"initially  ID'd, scanned as Macrocranion. Now, based on paraconid, I think it's Wyonycteris; hypoconulid and entoconid sheared off",5/28/15,201402-23,NSV, ,FALSE,FALSE,FALSE,, ,1
UF330172,CAB13-0783,erinaceomorpha, ,CAB11-0665,201402,MX/, ,v06061,0.004079926088,Y,0.004130435378,X,X,X,X,"duplicate in NV17 (UF_NRF) initially mislabelled CAB13-0773, moved here; very worn",5/19/16,201402-23,MMM, ,FALSE,FALSE,FALSE,, ,1
UF283239,UF283239,erinaceomorpha, ,CAB11-0665,201402,M3/, ,v12029,0.004079926088,Y,0.004130435378,X,X,X,X, ,4/11/17,201402-23,NSV, ,FALSE,FALSE,FALSE,, ,1
UF283245,UF283245,erinaceomorpha, ,CAB11-0665,201402,M3/, ,v12029,0.004079926088,Y,0.004130435378,X,X,X,X, ,4/11/17,201402-23,NSV, ,FALSE,FALSE,FALSE,, ,1
UF284246,UF284246,erinaceomorpha, ,CAB11-0665,201402,M/3, ,v12029,0.004079926088,Y,0.004130435378,X,BROKEN,:(,:(,this surface way too worn,2/13/17,201402-23,NSV, ,FALSE,FALSE,FALSE,, ,1
UF284263,UF284263,erinaceomorpha, ,CAB11-0665,201402,M/3, ,v12029,0.004079926088,Y,0.004130435378,X,X,X,X,"surfaces corrupted, remade",2/13/17,201402-23,NSV, ,FALSE,FALSE,FALSE,, ,1
UF326415,CAB11-0752,colpocherus<, ,CAB11-0752,201402,M/1 or M/2, ,v06061,0.004079552367,Y,0.004130061,X,X,X,:(,"chipped, not broken",3/1/14,201402-22,NSV, ,TRUE,TRUE,TRUE,M8822, ,1
UF326437,CAB11-0777,colpocherus, ,CAB11-0752,201402,M3/, ,v06061,0.004079552367,Y,0.004130061,X,BROKEN,:(,:(,"L=1.03; style gone; but this one is narrow - might be colpocherus? If yes, note open valley between ""metaconule"" ridge and metacone",9/6/16,201402-22,NSV, ,FALSE,FALSE,FALSE,, ,1
UF328392,CAB12-1009,erinaceomorpha, ,CAB11-0752,201402,M1/ or M2/, ,v06061,0.004079552367,Y,0.004130061,X,BROKEN,:(,:(,Metacone is missing; raw specimen lost in hard drive crash,12/10/17,201402-22,MMM, ,FALSE,FALSE,FALSE,, ,1
UF328395,CAB12-1012,macrocranion, ,CAB11-0752,201402,M3/, ,v06061,0.004079552367,Y,0.004130061,X,BROKEN,:(,:(,paracone broken - almost entirely gone,9/6/16,201402-22,NSV, ,FALSE,FALSE,FALSE,, ,1
UF328403,CAB12-1020,erinaceomorpha, ,CAB11-0752,201402,M/3, ,v06061,0.004079552367,Y,0.004130061,X,X,X,X,Raw file corrupted,5/23/16,201402-22,MMM, ,FALSE,FALSE,FALSE,, ,1
UF328404,CAB12-1021,erinaceomorpha, ,CAB11-0752,201402,M/3, ,v06061,0.004079552367,Y,0.004130061,X,BROKEN,:(,:(,"chip out of EDJ around anterolingual margin. Potentially saveable, but would be tricky.",5/17/16,201402-22,MMM, ,FALSE,FALSE,FALSE,, ,1
UF328407,CAB12-1024,colpocherus, ,CAB11-0752,201402,M/1 or M/2, ,v06061,0.004079552367,Y,0.004130061,X,X,X,BROKEN,entoconid sheared off. Cf. Colpocherus sp.?,5/28/15,201402-22,NSV, ,FALSE,FALSE,FALSE,, ,1
UF284306,UF284306,erinaceomorpha, ,CAB11-0752,201402,MX/,L,v12029,0.004079552367,Y,0.004130061,X,BROKEN,:(,:(,hypocone gone,1/2/17,201402-22,NSV, ,FALSE,FALSE,FALSE,, ,1
UF326363,CAB11-0699,erinaceomorpha, ,CAB11-0776,201402,M/3, ,v06061,0.004079552367,Y,0.004130061,X,X,X,X, ,5/17/16,201402-22,MMM, ,FALSE,FALSE,FALSE,, ,1
UF326436,CAB11-0776,macrocranion<, ,CAB11-0776,201402,M/2, ,v06061,0.004079552367,Y,0.004130061,X,X,X,:(,"chipped, not broken",3/1/14,201402-22,NSV, ,FALSE,FALSE,FALSE,, ,1
UF328394,CAB12-1011,erinaceomorpha,1,CAB11-0776,201402,MX/,R,v06061,0.004079552367,Y,0.004130061,X, , , X,original processing lost in hard drive crash; worn,4/7/17,201402-22,NSV, ,FALSE,FALSE,FALSE,, ,1
UF330170,CAB13-0781,erinaceomorpha, ,CAB11-0776,201402,M3/, ,v06061,0.004079552367,Y,0.004130061,X,X,X,X,"borderline too cracked, but interesting extra conules",4/11/17,201402-22,NSV, ,FALSE,FALSE,FALSE,, ,1
UF326499,CAB11-0839,macrocranion, ,CAB11-0839,201402,M/1 or M/2, ,v06061,0.003964321688,Y,0.004014592738,X,X,X,BROKEN,enamelless,3/1/14,201402-18,NSV, ,FALSE,FALSE,FALSE,, ,1
UF330159,CAB13-0770,eulipotyphla, ,CAB11-0839,201402,M/2, ,v06061,0.003964321688,Y,0.004014592738,X,X,X,WORN,talpavoides or macrocranion?,3/1/14,201402-18,NSV, ,TRUE,TRUE,TRUE,M10360, ,1
UF330163,CAB13-0774,macrocranion<, ,CAB11-0839,201402,M/2, ,v06061,0.003964321688,Y,0.004014592738,X,X,X,WORN, ,3/1/14,201402-18,NSV, ,TRUE,TRUE,TRUE,M10361, ,1
UF330175,CAB13-0786,erinaceomorpha, ,CAB11-0839,201402,M1/ or M2/, ,v06061,0.003964321688,Y,0.004014592738,X,BROKEN,:(,:(,this specimen got lost from spreadsheet at some point. entered back in 3 september 2019,5/24/16,201402-18,MMM, ,FALSE,FALSE,FALSE,, ,1
UF330177,CAB13-0788,erinaceomorpha, ,CAB11-0839,201402,M2/, ,v06061,0.003964321688,Y,0.004014592738, X,X,X,X,"raw file corrupted; specimen was accidentally rescanned in NV16 group, but scan failed. Here are copied notes: There are missing slices. Tried shift in slices (move 136+ -8px:x), did not work. Files deleted.",5/24/16,201402-18,MMM, ,FALSE,FALSE,FALSE,, ,1
UF330178,CAB13-0789,erinaceomorpha, ,CAB11-0839,201402,M1/ or M2/, ,v06061,0.003964321688,Y,0.004014592738,X,BROKEN,:(,:(,"Large hole in crown just above margin, maybe savable?",5/24/16,201402-18,MMM, ,FALSE,FALSE,FALSE,, ,1
UF283233,UF283233,macrocranion, ,CAB11-0839,201402,M3/, ,v12029,0.003964321688,Y,0.004014592738,X,X,X,:(,"worn, being picky",8/1/16,201402-18,SHH, ,FALSE,FALSE,FALSE,, ,1
UF283238,UF283238,erinaceomorpha, ,CAB11-0839,201402,M3/, ,v12029,0.003964321688,Y,0.004014592738,X,X,X,X, ,10/19/16,201402-18,NSV, ,FALSE,FALSE,FALSE,, ,1
UF283241,UF283241,erinaceomorpha, ,CAB11-0839,201402,M3/, ,v12029,0.003964321688,Y,0.004014592738,X,X,X,X,style(?) broken? Colpocherus? Partial reconstruction. Questionable.,10/19/16,201402-18,NSV, ,FALSE,FALSE,FALSE,, ,1
UF283459,UF283459,erinaceomorpha, ,CAB11-0839,201402,M/3, ,v12029,0.003964321688,Y,0.004014592738,X,X,X,X, ,11/1/16,201402-18,NSV, ,FALSE,FALSE,FALSE,, ,1
UF283461,UF283461,erinaceomorpha, ,CAB11-0839,201402,M/3, ,v12029,0.003964321688,Y,0.004014592738,BROKEN,:(,:(,:(,missing cusps.,11/1/16,201402-18,NSV, ,FALSE,FALSE,FALSE,, ,1
UF283463,UF283463,macrocranion, ,CAB11-0839,201402,M/3, ,v12029,0.003964321688,Y,0.004014592738,X,BROKEN,:(,:(,broken just a little high anteroventrally. Initially this was a miscropped copy of UF283459,4/25/17,201402-18,NSV, ,FALSE,FALSE,FALSE,, ,1
UF328399,CAB12-1016,erinaceomorpha, ,CAB12-1022,201402,MX/, ,v06061,0.003576719435,Y,0.003625684006,X,:(,:(,:(,chippy enamel,12/10/17,201402-13,NSV, ,FALSE,FALSE,FALSE,, ,1
UF328405,CAB12-1022,macrocranion, ,CAB12-1022,201402,M/1 or M/2, ,v06061,0.003576719435,Y,0.003625684006,X,X,X,BROKEN,entoconid too broken to reconstruct wear,3/1/14,201402-13,NSV, ,FALSE,FALSE,FALSE,, ,1
UF328408,CAB12-1025,erinaceomorpha, ,CAB12-1022,201402,M/1 or M/2, ,v06061,0.003576719435,Y,0.003625684006,X,BROKEN,:(,:(,enamelless?,12/10/17,201402-13,NSV, ,FALSE,FALSE,FALSE,, ,1
UF330166,CAB13-0777,erinaceomorpha, ,CAB12-1022,201402,M3/, ,v06061,0.003576719435,Y,0.003625684006,X, ,X,X,"fill file corrupted; duplicate in NV17 (UF_NRF) initially labelled CAB13-1070, moved here.",11/1/16,201402-13,NSV, ,FALSE,FALSE,FALSE,, ,1
UF284268,UF284268,erinaceomorpha, ,CAB12-1022,201402,M/3, ,v12029,0.003576719435,Y,0.003625684006,X,X,X,X,"surfaces corrupted, remade",2/13/17,201402-13,NSV, ,FALSE,FALSE,FALSE,, ,1
UF284304,UF284304,erinaceomorpha, ,CAB12-1022,201402,M1/,L,v12029,0.003576719435,Y,0.003625684006,X,BROKEN,:(,:(,"paracone broken? More importantly, the buccal and posterior edges are gone",10/19/16,201402-13,NSV, ,FALSE,FALSE,FALSE,, ,1
UF295471,UF295471,erinaceomorpha, ,CAB12-1022,201402,M3/,L,v12029,0.003576719435,Y,0.003625684006,X,X,X,X,"is actually a L M3/ not M/3 as written (assuming mirrored). How did it end up with in a layer that already had an M3/? Anyway, it's Macrocranion with rough enamel.",4/7/17,201402-13,NSV, ,FALSE,FALSE,FALSE,, ,1
UF328406,CAB12-1023,macrocranion, ,CAB12-1023,201402,M/1 or M/2, ,v06061,0.003964320653,Y,0.004014591701,X,X,X,BROKEN,enamelless,3/1/14,201402-17,NSV, ,TRUE,TRUE,TRUE,M10359, ,1
UF283240,UF283240,erinaceomorpha, ,CAB12-1023,201402,M3/, ,v12029,0.003964320653,Y,0.004014591701,X,X,X,X, ,10/19/16,201402-17,NSV, ,FALSE,FALSE,FALSE,, ,1
UF283460,UF283460,erinaceomorpha, ,CAB12-1023,201402,M/3, ,v12029,0.003964320653,Y,0.004014591701,X,:(,:(,:(,protocone broken,1/23/17,201402-17,NSV, ,FALSE,FALSE,FALSE,, ,1
UF328411,CAB12-1028,plagioctenoides, ,CAB12-1028,201402,M/1 or M/2, ,v06061,0.003971259079,Y,0.004021546388,X,X,X,BROKEN,"strong wear/grunginess *RE_ID'd as M/1 or M/2,but with entire entoconid/hypoconulid complex sheared off",3/24/15,201402-20,KMC, ,FALSE,FALSE,FALSE,, ,1
UF284337,UF284337,plagioctenoides, ,CAB12-1028,201402,M/X, ,v12029,0.003971259079,Y,0.004021546388,X,BROKEN,:(,:(,"entoconid gone, originally mislabelled as an M/3",2/10/17,201402-20,NSV, ,FALSE,FALSE,FALSE,, ,1
UF295442,UF295442,plagioctenoides, ,CAB12-1028,201402,MX/, ,v12029,0.003971259079,Y,0.004021546388,X, , , X,files lost in hard drive crash,12/10/17,201402-20,BSB, ,FALSE,FALSE,FALSE,, ,1
UF328412,CAB12-1029,leptacodon_donkroni, ,CAB12-1031,201402,P/4, ,v06061,0.003971259079,Y,0.004021546388,X,X,X,X,"tall and pointy, still some apical wear on ""protoconid"" and ""metaconid""; protoconid arguably sheared or worn",3/24/15,201402-20,KMC, ,FALSE,FALSE,FALSE,, ,1
UF328414,CAB12-1031,plagioctenoides, ,CAB12-1031,201402,P/4, ,v06061,0.003971259079,Y,0.004021546388,X,BROKEN,:(,:(,"paraconid gone, otherwise okay",3/24/15,201402-20,KMC, ,FALSE,FALSE,FALSE,, ,1
UF284334,UF284334,plagioctenoides, ,CAB12-1031,201402,MX/, ,v12029,0.003971259079,Y,0.004021546388,X, ,x,X,raw and fill file lost in hard drive crash,3/22/16,201402-20,BSB, ,FALSE,FALSE,FALSE,, ,1
UF284341,UF284341,plagioctenoides, ,CAB12-1031,201402,MX/, ,v12029,0.003971259079,Y,0.004021546388,X, , ,X,"other files lost in hard drive crash; Much better. A couple of tiny holes got  opened on the surface, but those can be closed easily.",12/10/17,201402-20,BSB, ,FALSE,FALSE,FALSE,, ,1
UF295445,UF295445,plagioctenoides, ,CAB12-1031,201402,M/1 or M/2, ,v12029,0.003971259079,Y,0.004021546388,X,X,X,WORN,Really worn,3/9/15,201402-20,KLR, ,TRUE,TRUE,TRUE,M7532, ,1
UF295452,UF295452,plagioctenoides, ,CAB12-1031,201402,M/1 or M/2, ,v12029,0.003971259079,Y,0.004021546388,X,X,X,BROKEN,"chipped, not broken",3/9/15,201402-20,KLR, ,TRUE,TRUE,TRUE,M7533, ,1
UF330173,CAB13-0784,colpocherus, ,CAB12-1034,201402,"dentary M/1, M/3", ,v06061,0.004872333727,Y,0.00492260313,BROKEN,:(,:(,:(,"size rules out talpavoides, entoconid on M/1 says coplpocherus -- note relative sizes of M/1 and M/3! M/3 talonid broken M/1 : metaconid and paraconid half gone.",9/4/16,201402-24,NSV, ,FALSE,FALSE,FALSE,, ,**
UF330160,CAB13-0771,erinaceomorpha,2,CAB13-0775,201402,MX/,L,v06061,0.004184528396,Y,0.004235193296,X,X,X,X, ,5/24/16,201402-01,MMM, ,FALSE,FALSE,FALSE,, ,1
UF330161,CAB13-0772,erinaceomorpha,1,CAB13-0775,201402,MX/, ,v06061,0.004184528396,Y,0.004235193296,X,X,X,X,strange lingual cuspule; colpocherus?; duplicate in NV17 initially mislabelled CAB13-1878 moved to this folder.,8/23/16,201402-01,NSV, ,FALSE,FALSE,FALSE,, ,1
UF330164,CAB13-0775,macrocranion<,1,CAB13-0775,201402,M/2, ,v06061,0.004184528396,Y,0.004235193296,X,X,X,X, ,3/1/14,201402-01,NSV, ,TRUE,TRUE,TRUE,M12453, ,1
UF330167,CAB13-0778,talpavoides,3,CAB13-0775,201402,M/2, ,v06061,0.004184528396,Y,0.004235193296,X,X,X,X,"a little worn, arguably broken, but still relatively nice",7/4/17,201402-01,NSV,NSV,TRUE,TRUE,TRUE,M12454, ,1
UF330168,CAB13-0779,macrocranion,2,CAB13-0775,201402,M/1 or M/2, ,v06061,0.004184528396,Y,0.004235193296,X,X,X,BROKEN,protoconid sheared off,3/1/14,201402-01,NSV, ,FALSE,FALSE,FALSE,, ,1
UF283234,UF283234,erinaceomorpha,2,CAB13-0775,201402,M/3, ,v12029,0.004184528396,Y,0.004235193296,X,X,X,X,initially mislabelled UF283464,1/24/17,201402-01,NSV, ,FALSE,FALSE,FALSE,, ,1
UF283235,UF283235,erinaceomorpha,3,CAB13-0775,201402,M/3, ,v12029,0.004184528396,N,0.004235193296,BAD SCAN,:(,:(,:(,SCAN CUT OFF: NEED TO RESCAN,8/1/16,201402-01,SHH, ,FALSE,FALSE,FALSE,, ,"skiped UF283235 and UF295480: the notes from each of these give information that these two scans did not work, so there is likely no folder or files and nothing to put on MorphoSource"
UF283236,UF283236,erinaceomorpha,1,CAB13-0775,201402,M/3, ,v12029,0.004184528396,Y,0.004235193296,X,X,X,X, ,8/23/16,201402-01,NSV, ,FALSE,FALSE,FALSE,, ,1
UF283456,UF283456,erinaceomorpha,1,CAB13-0775,201402,M3/,R,v12029,0.004184528396,Y,0.004235193296,X,X,X,X,some chipped enamel,4/11/17,201402-01,NSV, ,FALSE,FALSE,FALSE,, ,1
UF283464,UF283464,macrocranion,2,CAB13-0775,201402,M3/,R,v12029,0.004184528396,Y,0.004235193296,X,BROKEN,:(,:(,"protocone broken. Interesting crests; on the small side, cf. CAB14-2219",8/23/16,201402-01,NSV, ,FALSE,FALSE,FALSE,, ,1
UF284303,UF284303,erinaceomorpha,3,CAB13-0775,201402,MX/,L,v12029,0.004184528396,Y,0.004235193296,X,X,X,X,re-isolated 8/23/16,8/23/16,201402-01,NSV, ,FALSE,FALSE,FALSE,, ,1
UF330169,CAB13-0780,macrocranion<, ,CAB13-0780,201402,M/2, ,v06061,0.004643347328,Y,0.004694021882,X,X,X,WORN, ,3/1/14,201402-02,NSV, ,TRUE,TRUE,TRUE,M12455, ,1
UF330171,CAB13-0782,macrocranion<, ,CAB13-0780,201402,M/2, ,v06061,0.004643347328,Y,0.004694021882,X,X,X,X, ,3/1/14,201402-02,NSV, ,TRUE,TRUE,FALSE,M41148, ,1
UF330176,CAB13-0787,macrocranion, ,CAB13-0780,201402,M/1 or M/2, ,v06061,0.004643347328,Y,0.004694021882,X,X,X,BROKEN,"protoconid partly gone, but maybe wear? Also called 13-0737 but I'm fairly certain it should be an 8, not a 3",3/1/14,201402-02,NSV, ,TRUE,TRUE,TRUE,M12460, ,1
UF283230,UF283230,macrocranion, ,CAB13-0780,201402,M3/, ,v12029,0.004643347328,Y,0.004694021882,X,X,X,:(,chipped enamel; being picky,4/10/17,201402-02,SHH, ,FALSE,FALSE,FALSE,, ,1
UF283254,UF283254,macrocranion, ,CAB13-0780,201402,M3/, ,v12029,0.004643347328,Y,0.004694021882,X,BROKEN,:(,:(,metacone sheared,10/19/16,201402-02,NSV, ,FALSE,FALSE,FALSE,, ,1
UF283281,UF283281,erinaceomorpha, ,CAB13-0780,201402,MX/, ,v12029,0.004643347328,Y,0.004694021882,X,BROKEN,:(,:(,"very worn, large chips of enamel gone",10/19/16,201402-02,NSV, ,FALSE,FALSE,FALSE,, ,1
UF284302,UF284302,erinaceomorpha, ,CAB13-0780,201402,M1/,L,v12029,0.004643347328,Y,0.004694021882,X,X,X,X,colpocherus?,10/19/16,201402-02,NSV, ,FALSE,FALSE,FALSE,, ,1
UF284305,UF284305,erinaceomorpha, ,CAB13-0780,201402,M1/, ,v12029,0.004643347328,Y,0.004694021882,X,X,X,X, ,10/19/16,201402-02,NSV, ,FALSE,FALSE,FALSE,, ,1
UF295480,UF295480,erinaceomorpha, ,CAB13-0780,201402,M3/, ,v12029,0.004643347328,N,0.004694021882,BAD SCAN,:(,:(,:(,"scan didn't work, from February notes",10/19/16,201402-02,NSV, ,FALSE,FALSE,FALSE,, ,"skiped UF283235 and UF295480: the notes from each of these give information that these two scans did not work, so there is likely no folder or files and nothing to put on MorphoSource"
UF283301,UF283301,erinaceomorpha, ,UF283319,201402,MX/, ,v12029,0.003679485992,Y,0.003728873149,X,X,X,X, ,9/6/16,201402-03,NSV, ,FALSE,FALSE,FALSE,, ,1
UF283319,UF283319,macrocranion<, ,UF283319,201402,M/1, ,v12029,0.003679485992,Y,0.003728873149,X,X,X,X, ,3/1/14,201402-03,NSV, ,TRUE,TRUE,TRUE,M7662, ,1
UF283453,UF283453,erinaceomorpha, ,UF283319,201402,M/3, ,v12029,0.003679485992,Y,0.003728873149,X,:(,:(,:(,rough scan,9/6/16,201402-03,NSV, ,FALSE,FALSE,FALSE,, ,1
UF295459,UF295459,erinaceomorpha, ,UF283319,201402,M3/,R,v12029,0.003679485992,Y,0.003728873149,X,X,X,X, ,9/6/16,201402-03,NSV, ,FALSE,FALSE,FALSE,, ,1
UF283322,UF283322,macrocranion<, ,UF283322,201402,M/1 or M/2, ,v12029,0.003679485992,Y,0.003728873149,X,X,X,BROKEN,"extensive chipping, no breaking",3/1/14,201402-03,NSV, ,TRUE,TRUE,TRUE,M7661, ,1
UF283449,UF283449,erinaceomorpha, ,UF283322,201402,M/3, ,v12029,0.003679485992,Y,0.003728873149,X,X,X,X, ,1/2/17,201402-03,NSV, ,FALSE,FALSE,FALSE,, ,1
UF284321,UF284321,erinaceomorpha, ,UF283322,201402,MX/,L,v12029,0.003679485992,Y,0.003728873149,X,X,X,X, ,9/6/16,201402-03,NSV, ,FALSE,FALSE,FALSE,, ,1
UF295481,UF295481,macrocranion, ,UF283322,201402,M3/,R,v12029,0.004470442422,Y,0.003728873149,X,:(,:(,:(,rough surface,9/6/16,201402-03,NSV, ,FALSE,FALSE,FALSE,, ,1
UF283317,UF283317,macrocranion<, ,UF283324,201402,M/1, ,v12029,0.005400823429,Y,0.005449115738,X,X,X,WORN, ,3/1/14,201402-04,NSV, ,TRUE,TRUE,TRUE,M7659, ,1
UF283324,UF283324,colpocherus, ,UF283324,201402,M/2, ,v12029,0.005400823429,Y,0.005449115738,X,X,X,X, ,7/3/17,201402-04,NSV, ,TRUE,TRUE,TRUE,M7658, ,1
UF283452,UF283452,erinaceomorpha, ,UF283324,201402,M/3, ,v12029,0.005400823429,Y,0.005449115738,X,X,X,X, ,1/3/17,201402-04,NSV, ,FALSE,FALSE,FALSE,, ,1
UF283455,UF283455,erinaceomorpha, ,UF283324,201402,M/3, ,v12029,0.005400823429,Y,0.005449115738,X,X,X,X, ,1/3/17,201402-04,NSV, ,FALSE,FALSE,FALSE,, ,1
UF284320,UF284320,erinaceomorpha, ,UF283324,201402,M2/,L,v12029,0.005400823429,Y,0.005449115738,X,X,X,X,"another one with odd cuspule, but paracone broken. Will have to cut?",9/6/16,201402-04,NSV, ,FALSE,FALSE,FALSE,, ,1
UF284322,UF284322,erinaceomorpha, ,UF283324,201402,M2/,L,v12029,0.005400823429,Y,0.005449115738,X,X,X,X,332 or 322? Files changed to match database entry: 322; metacone chipped,9/6/16,201402-04,NSV, ,FALSE,FALSE,FALSE,, ,1
UF295458,UF295458,erinaceomorpha, ,UF283324,201402,M3/, ,v12029,0.005400823429,Y,0.005449115738,X,X,X,X, ,9/6/16,201402-04,NSV, ,FALSE,FALSE,FALSE,, ,1
UF295463,UF295463,macrocranion, ,UF283324,201402,M3/,L,v12029,0.005400823429,Y,0.005449115738,X,:(,:(,:(,being picky; some lost enamel,9/6/16,201402-04,NSV, ,FALSE,FALSE,FALSE,, ,1
UF283288,UF283288,erinaceomorpha, ,UF283325,201402,M1/, ,v12029,0.004470442422,Y,0.004521242019,X,X,X,X, ,9/6/16,201402-29,NSV, ,FALSE,FALSE,FALSE,, ,1
UF283325,UF283325,macrocranion, ,UF283325,201402,M/1 or M/2, ,v12029,0.004470442422,Y,0.004521242019,X,X,X,BROKEN,"just the entoconid partially missing, but I think there are legitimately pieces missing",3/1/14,201402-29,NSV, ,TRUE,TRUE,TRUE,M7660, ,1
UF283451,UF283451,erinaceomorpha, ,UF283325,201402,M/3, ,v12029,0.004470442422,Y,0.004521242019,X,BROKEN,:(,:(,rough enamel,1/2/17,201402-29,NSV, ,FALSE,FALSE,FALSE,, ,1
UF295482,UF295482,macrocranion, ,UF283325,201402,M3/,R,v12029,0.004470442422,Y,0.004521242019,X, , , X,being picky; rough surface -- but probably colpocherus,9/6/16,201402-29,NSV, ,FALSE,FALSE,FALSE,, ,1
UF283328,UF283328,erinaceomorpha, ,UF283328,201402,M/2, ,v12029,0.004470442422,Y,0.004521242019,X,X,BROKEN,:(,break creeps too far up anterioventral edge :(,5/28/15,201402-29,NSV, ,TRUE,TRUE,TRUE,M7656, ,1
UF283454,UF283454,erinaceomorpha, ,UF283328,201402,M/3, ,v12029,0.004470442422,Y,0.004521242019,X,BROKEN,:(,:(,paraconid broken,1/2/17,201402-29,NSV, ,FALSE,FALSE,FALSE,, ,1
UF284272,UF284272,erinaceomorpha, ,UF283328,201402,M1/, ,v12029,0.004470442422,Y,0.004521242019,X,X,X,X, ,8/23/16,201402-29,NSV, ,FALSE,FALSE,FALSE,, ,1
UF295461,UF295461,colpocherus, ,UF283328,201402,M3/, ,v12029,0.004470442422,Y,0.004521242019,X,X,X,X,"maybe colpocherus? Indented buccal border, narrow, larger parastylar shelf (right term?), less hint of a hypocone",9/4/16,201402-29,NSV, ,FALSE,FALSE,FALSE,, ,1
UF283248,UF283248,erinaceomorpha, ,UF283332,201402,M3/, ,v12029,0.003881369252,Y,0.003931426479,X,X,X,X, ,9/4/16,201402-16,NSV, ,FALSE,FALSE,FALSE,, ,1
UF283253,UF283253,macrocranion, ,UF283332,201402,M3/, ,v12029,0.003881369252,Y,0.003931426479,X,:(,:(,:(,being picky; rough surface,9/4/16,201402-16,NSV, ,FALSE,FALSE,FALSE,, ,1
UF283279,UF283279,erinaceomorpha, ,UF283332,201402,M1/ or M2/, ,v12029,0.003881369252,Y,0.003931426479,X,:(,:(,:(,broken metacone,9/4/16,201402-16,NSV, ,FALSE,FALSE,FALSE,, ,1
UF283285,UF283285,erinaceomorpha, ,UF283332,201402,MX/,L,v12029,0.003881369252,Y,0.003931426479,X, , , X,"being picky; paracone and metacone quite worn, rough",9/4/16,201402-16,NSV, ,FALSE,FALSE,FALSE,, ,1
UF283330,UF283330,macrocranion<, ,UF283332,201402,M/1 or M/2, ,v12029,0.003881369252,Y,0.003931426479,X,X,X,:(, ,3/1/14,201402-16,NSV, ,TRUE,TRUE,TRUE,M7949, ,1
UF283332,UF283332,macrocranion, ,UF283332,201402,M/1 or M/2, ,v12029,0.003881369252,Y,0.003931426479,X,X,X,BROKEN,protoconid gone,3/1/14,201402-16,NSV, ,FALSE,FALSE,FALSE,, ,1
UF283333,UF283333,macrocranion<, ,UF283333,201402,M/2, ,v12029,0.004776917864,Y,0.004827389263,X,X,X,WORN, ,3/1/14,201402-32,NSV, ,TRUE,TRUE,TRUE,M7792, ,1
UF284267,UF284267,erinaceomorpha, ,UF283333,201402,M/3, ,v12029,0.004776917864,Y,0.004827389263,X,X,X,X, ,1/2/17,201402-32,NSV, ,FALSE,FALSE,FALSE,, ,1
UF284314,UF284314,erinaceomorpha, ,UF283333,201402,M2/,L,v12029,0.004776917864,Y,0.004827389263,X,X,X,X, ,9/4/16,201402-32,NSV, ,FALSE,FALSE,FALSE,, ,1
UF295467,UF295467,erinaceomorpha, ,UF283333,201402,M3/, ,v12029,0.004776917864,Y,0.004827389263,X,X,X,X, ,9/4/16,201402-32,NSV, ,FALSE,FALSE,FALSE,, ,1
UF283314,UF283314,macrocranion,1,UF283336,201402,M/1 or M/2,R,v12029,0.005237519216,Y,0.005286577683,X,X,X,BROKEN,hypoconulid gone; both molars in layer are L,3/1/14,201402-36,NSV, ,TRUE,TRUE,TRUE,M7953, ,1
UF283316,UF283316,erinaceomorpha,3,UF283336,201402,M/1 or M/2,R,v12029,0.005237519216,Y,0.005286577683,X,X,BROKEN,:(, ,5/28/15,201402-36,NSV, ,FALSE,FALSE,FALSE,, ,1
UF283336,UF283336,macrocranion,1,UF283336,201402,M/1 or M/2,L,v12029,0.005237519216,Y,0.005286577683,X,X,X,BROKEN,protoconid; both molars in layer are L,3/1/14,201402-36,NSV, ,TRUE,TRUE,TRUE,M7951, ,1
UF284215,UF284215,macrocranion<,3,UF283336,201402,M/1,L,v12029,0.005237519216,Y,0.005286577683,X,X,X,X, ,3/1/14,201402-36,NSV, ,TRUE,TRUE,TRUE,M7952, ,1
UF283244,UF283244,macrocranion, ,UF283337,201402,M3/, ,v12029,0.003969434183,Y,0.00401971724,X,:(,:(,:(,being picky: parastyle worn away,9/6/16,201402-19,NSV, ,FALSE,FALSE,FALSE,, ,1
UF283337,UF283337,macrocranion<, ,UF283337,201402,M/1, ,v12029,0.003969434183,Y,0.00401971724,X,X,X,WORN,"chipped, not broken",3/1/14,201402-19,NSV, ,TRUE,TRUE,TRUE,M7781, ,1
UF283340,UF283340,macrocranion, ,UF283337,201402,M/1 or M/2, ,v12029,0.003969434183,Y,0.00401971724,X,X,X,BROKEN,enamelless,3/1/14,201402-19,NSV, ,TRUE,TRUE,TRUE,M7782, ,1
UF283468,UF283468,erinaceomorpha, ,UF283337,201402,M/3, ,v12029,0.003969434183,Y,0.00401971724,X,X,X,X, ,9/4/16,201402-19,NSV, ,FALSE,FALSE,FALSE,, ,1
UF283469,UF283469,erinaceomorpha, ,UF283337,201402,M/3, ,v12029,0.003969434183,Y,0.00401971724,X,X,X,X,"chunk out of hypoconulid, repair attempted, specimen small?",1/2/17,201402-19,NSV, ,FALSE,FALSE,FALSE,, ,1
UF284273,UF284273,erinaceomorpha, ,UF283337,201402,MX/, ,v12029,0.003969434183,Y,0.00401971724,X,X,X,X, ,9/4/16,201402-19,NSV, ,FALSE,FALSE,FALSE,, ,1
UF284284,UF284284,erinaceomorpha, ,UF283337,201402,M1/,R,v12029,0.003969434183,Y,0.00401971724,X, , , X,being picky: rootward enamel gone,9/4/16,201402-19,NSV, ,FALSE,FALSE,FALSE,, ,1
UF295204,UF295204,macrocranion, ,UF283337,201402,M3/, ,v12029,0.003969434183,Y,0.00401971724,X,:(,:(,:(,being picky: less than stellar enamel,9/4/16,201402-19,NSV, ,FALSE,FALSE,FALSE,, ,1
UF283250,UF283250,erinaceomorpha, ,UF283339,201402,M3/,L,v12029,0.004261207869,Y,0.004311950656,X,X,X,X,quite worn,9/4/16,201402-25,NSV, ,FALSE,FALSE,FALSE,, ,1
UF283293,UF283293,erinaceomorpha, ,UF283339,201402,MX/, ,v12029,0.004261207869,Y,0.004311950656,X,X,X,X,a little worn,9/4/16,201402-25,NSV, ,FALSE,FALSE,FALSE,, ,1
UF283339,UF283339,macrocranion, ,UF283339,201402,M/1 or M/2, ,v12029,0.004261207869,Y,0.004311950656,X,X,X,BROKEN,"needs re-cropping along the bottom; looks like a piece of the protoconid is  gone, but I'm not sure cf. 13-0737",3/1/14,201402-25,NSV, ,TRUE,TRUE,TRUE,M7780, ,1
UF283466,UF283466,erinaceomorpha, ,UF283339,201402,M/3, ,v12029,0.004261207869,Y,0.004311950656,X,X,X,X, ,1/2/17,201402-25,NSV, ,FALSE,FALSE,FALSE,, ,1
UF283343,UF283343,colpocherus, ,UF283343,201402,M/1 or M/2, ,v12029,0.003692313088,Y,0.003741749132,X,X,X,BROKEN,"enamelless; a debatable keeper. Large ventral chunks gone, and hypoconulid almost gone",3/1/14,201402-14,NSV, ,TRUE,TRUE,TRUE,M7663, ,1
UF283690,UF283690,erinaceomorpha, ,UF283343,201402,M/3, ,v12029,0.003692313088,Y,0.003741749132,X,X,X,X, ,1/3/17,201402-14,NSV, ,FALSE,FALSE,FALSE,, ,1
UF284274,UF284274,erinaceomorpha, ,UF283343,201402,M1/ or M2/, ,v12029,0.003692313088,Y,0.003741749132,BROKEN,:(,:(,:(,"enamelless; Paper notes mistranscribed, specimen number originally, erroneously typed as 284280",9/4/16,201402-14,NSV, ,FALSE,FALSE,FALSE,, ,1
UF295483,UF295483,colpocherus, ,UF283343,201402,M3/, ,v12029,0.003692313088,Y,0.003741749132,X,X,X,X, ,9/4/16,201402-14,NSV, ,FALSE,FALSE,FALSE,, ,1
UF283252,UF283252,erinaceomorpha,1,UF283344,201402,M3/,L,v12029,0.004261208698,Y,0.004311951486,X,X,X,X, ,8/25/16,201402-25,NSV, ,FALSE,FALSE,FALSE,, ,1
UF283329,UF283329,erinaceomorpha,1,UF283344,201402,M/3, ,v12029,0.004261208698,Y,0.004311951486,X,BROKEN,:(,:(,rough enamel on talonid,12/10/17,201402-25,NSV, ,FALSE,FALSE,FALSE,,,1
UF283342,UF283342,macrocranion<,2,UF283344,201402,M/2, ,v12029,0.004261208698,Y,0.004311951486,X,X,X,:(,"Chipped, not broken",3/1/14,201402-25,NSV, ,TRUE,TRUE,TRUE,M7777, ,1
UF283344,UF283344,colpocherus,1,UF283344,201402,M/1 or M/2, ,v12029,0.004261208698,Y,0.004311951486,X,X,X,BROKEN,chipped (heavily),3/1/14,201402-25,NSV, ,TRUE,TRUE,TRUE,M7964, ,1
UF283470,UF283470,erinaceomorpha,2,UF283344,201402,M/3, ,v12029,0.004261208698,Y,0.004311951486,X,X,X,X,"surfaces corrupted, remade",2/13/17,201402-25,NSV, ,FALSE,FALSE,FALSE,, ,1
UF284280,UF284280,erinaceomorpha,2,UF283344,201402,MX/,R,v12029,0.004261208698,Y,0.004311951486,X,X,X,X, ,8/25/16,201402-25,NSV, ,FALSE,FALSE,FALSE,, ,1
UF284323,UF284323,erinaceomorpha,1,UF283344,201402,M2/,L,v12029,0.004261208698,Y,0.004311951486,X, , , X,being picky; anterior edge crumbly,8/25/16,201402-25,NSV, ,FALSE,FALSE,FALSE,, ,1
UF295484,UF295484,erinaceomorpha,2,UF283344,201402,M3/,R,v12029,0.004261208698,Y,0.004311951486,X,X,X,X,"paper notes mistranscribed, specimen number originally, erroneously typed as 295204, but is really 295484",8/24/16,201402-25,NSV, ,FALSE,FALSE,FALSE,, ,1
UF283309,UF283309,macrocranion<,3,UF283346,201402,M/1,R,v12029,0.00418414548,Y,0.004234809914,X,X,X,WORN,"because of flipping, long misID'd as UF283350. fixed 2/20/17",3/1/14,201402-05,NSV, ,TRUE,TRUE,TRUE,M7800, ,1
UF283346,UF283346,macrocranion<,1,UF283346,201402,M/1,L,v12029,0.00418414548,Y,0.004234809914,X,X,X,X,needs re-cropping ventrally,3/1/14,201402-05,NSV, ,TRUE,TRUE,TRUE,M7794, ,1
UF283347,UF283347,macrocranion<,2,UF283346,201402,M/2,L,v12029,0.00418414548,Y,0.004234809914,X,X,X,X,"because of flipping, long mis-ID'd as UF284206. Fixed 2/20/17",3/1/14,201402-05,NSV, ,TRUE,TRUE,TRUE,M7795, ,1
UF283350,UF283350,macrocranion<,3,UF283346,201402,M/1,L,v12029,0.00418414548,Y,0.004234809914,X,X,X,X,"because of flipping, long misID'd as UF283209. fixed 2/20/17",3/1/14,201402-05,NSV, ,TRUE,TRUE,TRUE,M7796, ,1
UF283486,UF283486,erinaceomorpha,1,UF283346,201402,M/3, ,v12029,0.00418414548,Y,0.004234809914,X,BROKEN,:(,:(,missing enamel,12/10/17,201402-05,NSV, ,FALSE,FALSE,FALSE,, ,1
UF284204,UF284204,macrocranion<,1,UF283346,201402,M/2,R,v12029,0.00418414548,Y,0.004234809914,X,X,X,X, ,3/1/14,201402-05,NSV, ,TRUE,TRUE,TRUE,M7798, ,1
UF284206,UF284206,macrocranion<,2,UF283346,201402,M/2,R,v12029,0.00418414548,Y,0.004234809914,X,X,X,BROKEN,"because of flipping, long mis-ID'd as UF283347. Fixed 2/20/17; hypoconulid gone",3/1/14,201402-05,NSV, ,TRUE,TRUE,TRUE,M7799, ,1
UF283308,UF283308,macrocranion<, ,UF283351,201402,M/2, ,v12029,0.003863263177,Y,0.003913268969,X,X,X,X, ,3/1/14,201402-06,NSV, ,TRUE,TRUE,TRUE,M7950, ,1
UF283351,UF283351,erinaceomorpha, ,UF283351,201402,M/1 or M/2, ,v12029,0.003863263177,Y,0.003913268969,X,BROKEN,:(,:(, ,12/10/17,201402-06,NSV, ,FALSE,FALSE,FALSE,, ,1
UF283355,UF283355,plagioctenoides, ,UF283355,201402,P/4, ,v12029,0.003541838144,Y,0.003590646782,X,X,X,X, ,3/24/15,201402-12, , ,TRUE,TRUE,TRUE,M7650, ,1
UF283372,UF283372,plagioctenoides, ,UF283355,201402,MX/, ,v12029,0.003541838144,Y,0.003590646782,X, ,X,X,all other surfaces lost in hard drive crash,1/1/17,201402-12,BSB, ,FALSE,FALSE,FALSE,, ,1
UF283490,UF283490,erinaceomorpha, ,UF283355,201402,M/3, ,v12029,0.003541838144,Y,0.003590646782,X,X,X,X, ,1/31/15,201402-12,NSV, ,TRUE,TRUE,TRUE,M7534, ,1
UF283359,UF283359,plagioctenoides, ,UF283359,201402,M/1 or M/2, ,v12029,0.003971260041,Y,0.004021547353,X,X,X,WORN,Really worn,3/9/15,201402-21,KLR, ,TRUE,TRUE,TRUE,M7536, ,1
UF283378,UF283378,plagioctenoides, ,UF283359,201402,MX/, ,v12029,0.003971260041,Y,0.004021547353,X, , , X,surfaces lost in hard drive crash,12/10/17,201402-21,NSV, ,FALSE,FALSE,FALSE,, ,1
UF284330,UF284330,plagioctenoides, ,UF283359,201402,MX/, ,v12029,0.003971260041,Y,0.004021547353,X, , , X,"processed once, but files lost in hard drive crash",12/10/17,201402-21,NSV, ,FALSE,FALSE,FALSE,, ,1
UF295455,UF295455,plagioctenoides, ,UF283359,201402,M/1 or M/2, ,v12029,0.003971260041,Y,0.004021547353,BROKEN,:(,:(,:(,protoconid snapped off,12/10/17,201402-21,NSV, ,FALSE,FALSE,FALSE,, ,1
UF283360,UF283360,plagioctenoides, ,UF283360,201402,M/X, ,v12029,0.00447044159,Y,0.004521241187,X, , , X,"some repairable chips in enamel, some of hypoconid missing",1/1/17,201402-28,BSB, ,FALSE,FALSE,FALSE,, ,1
UF283395,UF283395,plagioctenoides, ,UF283360,201402,MX/, ,v12029,0.00447044159,Y,0.004521241187,X, ,X,X,all other files lost in hard drive crash,1/1/17,201402-28,BSB, ,FALSE,FALSE,FALSE,, ,1
UF283358,UF283358,plagioctenoides, ,UF283443,201402,M/1 or M/2, ,v12029,0.004877858595,Y,0.004928114851,X,BROKEN,:(,:(,big hole,3/9/15,201402-34,KLR, ,TRUE,TRUE,TRUE,M7539, ,1
UF283379,UF283379,plagioctenoides, ,UF283443,201402,MX/, ,v12029,0.004877858595,Y,0.004928114851,X,X,X,X, ,1/1/17,201402-34,BSB, ,FALSE,FALSE,FALSE,, ,1
UF283380,UF283380,plagioctenoides, ,UF283443,201402,MX/, ,v12029,0.004877858595,Y,0.004928114851,X,X,X,X, ,1/1/17,201402-34,BSB, ,FALSE,FALSE,FALSE,, ,1
UF283443,UF283443,plagioctenoides, ,UF283443,201402,M/1 or M/2, ,v12029,0.004877858595,Y,0.004928114851,X,X,BROKEN,:(,Missing a cusp (paraconid),3/9/15,201402-34,KLR, ,TRUE,TRUE,TRUE,M7538, ,1
UF283374,UF283374,plagioctenoides, ,UF283702,201402,MX/, ,v12029,0.003541838144,Y,0.003590646782,X, ,X,X,file file corrupted,1/1/17,201402-12,BSB, ,FALSE,FALSE,FALSE,, ,1
UF283446,UF283446,plagioctenoides, ,UF283702,201402,M/1 or M/2, ,v12029,0.003541838144,Y,0.003590646782,X,X,X,BROKEN,two cusps broken,3/9/15,201402-12,KLR, ,TRUE,TRUE,TRUE,M7540, ,1
UF283702,UF283702,plagioctenoides, ,UF283702,201402,P/4, ,v12029,0.003541838144,Y,0.003590646782,X,X,X,X,Fix surface? a little grungy with wear tracks and missing enamel,3/19/15,201402-12, , ,TRUE,TRUE,TRUE,M7651, ,1
UF283373,UF283373,plagioctenoides, ,UF283725,201402,MX/, ,v12029,0.003971260041,Y,0.004021547353,X,BROKEN,:(,:(,paracone and metacone sheared off,9/19/16,201402-21,BSB, ,FALSE,FALSE,FALSE,, ,1
UF283381,UF283381,plagioctenoides, ,UF283725,201402,MX/, ,v12029,0.003971260041,Y,0.004021547353,X,X,X,X, ,1/1/17,201402-21,BSB, ,FALSE,FALSE,FALSE,, ,1
UF283383,UF283383,plagioctenoides, ,UF283725,201402,MX/, ,v12029,0.003971260041,Y,0.004021547353,X,X,X,X, ,1/1/17,201402-21,BSB, ,FALSE,FALSE,FALSE,, ,1
UF283442,UF283442,plagioctenoides, ,UF283725,201402,M/1 or M/2, ,v12029,0.003971260041,Y,0.004021547353,BROKEN,:(,:(,:(,entoconid/hypoconulid gone,12/10/17,201402-21,NSV, ,FALSE,FALSE,FALSE,, ,1
UF283491,UF283491,plagioctenoides, ,UF283725,201402,M/2, ,v12029,0.003971260041,Y,0.004021547353,X,X,X,X,"This one was already done, I just added the Xs",3/9/15,201402-21,KLR, ,FALSE,FALSE,FALSE,, ,1
UF283725,UF283725,niptomomys, ,UF283725,201402,P/4, ,v12029,0.003971260041,Y,0.004021547353,X,X,X,X,folder may be mislabelled 283724,3/24/15,201402-21, , ,FALSE,FALSE,FALSE,, ,1
UF283731,UF283731,niptomomys, ,UF283725,201402,P/4,l,v12029,0.003971260041,Y,0.004021547353,X,X,X,X, ,3/26/15,201402-21,NSV, ,TRUE,TRUE,TRUE,M7653, ,1
UF284008,UF284008,niptomomys, ,UF283725,201402,P/4, ,v12029,0.003971260041,Y,0.004021547353,X,X,X,X,"had to paint in missing chunk of, will save the .tif and .labels in case hand segmented cusp needs more work",3/19/15,201402-21, , ,TRUE,TRUE,TRUE,M7654, ,1
UF295443,UF295443,plagioctenoides, ,UF283725,201402,M/1 or M/2, ,v12029,0.003971260041,Y,0.004021547353,BROKEN,:(,:(,:(,protoconid gone,12/10/17,201402-21,NSV, ,FALSE,FALSE,FALSE,, ,1
UF283376,UF283376,plagioctenoides, ,UF283733,201402,MX/, ,v12029,0.003541838843,Y,0.003590647485,X,X,X,X,*is this really UF 283776?,9/19/16,201402-12,ESC, ,FALSE,FALSE,FALSE,, ,1
UF283444,UF283444,plagioctenoides, ,UF283733,201402,M/1 or M/2, ,v12029,0.003541838843,Y,0.003590647485,X,X,X,BROKEN,Really worn; entoconid sheared,3/9/15,201402-12,KLR, ,TRUE,TRUE,TRUE,M7543, ,1
UF283733,UF283733,plagioctenoides, ,UF283733,201402,P/4, ,v12029,0.003541838843,Y,0.003590647485,X,X,X,X,"some apical wear on ""protoconid"",""metaconid""",3/19/15,201402-12, , ,TRUE,TRUE,TRUE,M7655, ,1
UF283296,UF283296,erinaceomorpha, ,UF284207,201402,MX/, ,v12029,0.004930995895,Y,0.004981117583,X, , ,X,"root-ward parts of enamel missing, being picky",9/4/16,201402-07,NSV, ,FALSE,FALSE,FALSE,, ,1
UF283302,UF283302,erinaceomorpha, ,UF284207,201402,M2/,R,v12029,0.004930995895,Y,0.004981117583,X,X,X,X,"quite worn, but potentially good comparison to maxilla",9/4/16,201402-07,NSV, ,FALSE,FALSE,FALSE,, ,1
UF284207,UF284207,macrocranion, ,UF284207,201402,M/1 or M/2, ,v12029,0.004930995895,Y,0.004981117583,X,X,X,BROKEN,ventral break too big,3/1/14,201402-07,NSV, ,TRUE,TRUE,TRUE,M7785, ,1
UF284242,UF284242,talpavoides, ,UF284207,201402,M/1, ,v12029,0.004930995895,Y,0.004981117583,X,X,X,X,unsure: colpocherus or macrocranion,7/4/17,201402-07,NSV,NSV,TRUE,TRUE,TRUE,M7966, ,1
UF284257,UF284257,erinaceomorpha, ,UF284207,201402,M/3, ,v12029,0.004930995895,Y,0.004981117583,X,BROKEN,:(,:(,chip out of crista obliqua,1/2/17,201402-07,NSV, ,FALSE,FALSE,FALSE,, ,1
UF284266,UF284266,erinaceomorpha, ,UF284207,201402,M/3, ,v12029,0.004930995895,Y,0.004981117583,X,BROKEN,:(,:(,EDJ around hypoconulid -- too high,1/2/17,201402-07,NSV, ,FALSE,FALSE,FALSE,, ,1
UF295472,UF295472,erinaceomorpha, ,UF284207,201402,M3/, ,v12029,0.004930995895,Y,0.004981117583,X,X,X,X, ,9/4/16,201402-07,NSV, ,FALSE,FALSE,FALSE,, ,1
UF295474,UF295474,macrocranion, ,UF284207,201402,M3/,R,v12029,0.004930995895,Y,0.004981117583,X,:(,:(,:(,"some enamel missing, being picky",9/4/16,201402-07,NSV, ,FALSE,FALSE,FALSE,, ,1
UF283247,UF283247,erinaceomorpha, ,UF284208,201402,M3/,L,v12029,0.004310789991,Y,0.004361566845,X,X,X,X, ,4/11/17,201402-26,NSV, ,FALSE,FALSE,FALSE,, ,1
UF284208,UF284208,macrocranion<, ,UF284208,201402,M/1, ,v12029,0.004310789991,Y,0.004361566845,X,X,X,:(,"Chipped, not broken (but very chipped), needs ventral recropping",3/1/14,201402-26,NSV, ,TRUE,TRUE,TRUE,M7784, ,1
UF284264,UF284264,erinaceomorpha, ,UF284208,201402,M/3, ,v12029,0.004310789991,Y,0.004361566845,X,X,X,X, ,1/2/17,201402-26,NSV, ,FALSE,FALSE,FALSE,, ,1
UF284325,UF284325,erinaceomorpha, ,UF284208,201402,M2/,R,v12029,0.004310789991,Y,0.004361566845,X,BROKEN,:(,:(,chunk gone from anterior edge,8/29/16,201402-26,NSV, ,FALSE,FALSE,FALSE,, ,1
UF283311,UF283311,macrocranion,1,UF284212,201402,M/1 or M/2,R,v12029,0.00519351149,Y,0.005242752676,X,X,X,BROKEN,mostly enamelless,3/1/14,201402-08,NSV, ,TRUE,TRUE,TRUE,M7947, ,1
UF283315,UF283315,macrocranion,3,UF284212,201402,M/1,R,v12029,0.00519351149,Y,0.005242752676,X,X,X,X,"because of flipping, long misID'd as UF284210. fixed 2/20/17",6/30/17,201402-08,NSV, ,TRUE,TRUE,TRUE,M7970, ,1
UF284210,UF284210,talpavoides,3,UF284212,201402,M/1,L,v12029,0.00519351149,Y,0.005242752676,X,X,X,X,"because of flipping, long misID'd as UF283315. fixed 2/20/17",7/4/17,201402-08,NSV,NSV,TRUE,TRUE,TRUE,M7946, ,1
UF284212,UF284212,macrocranion<,2,UF284212,201402,M/2,L,v12029,0.00519351149,Y,0.005242752676,X,X,X,X, ,3/1/14,201402-08,NSV, ,TRUE,TRUE,TRUE,M7945, ,1
UF284214,UF284214,macrocranion<,1,UF284212,201402,M/2,L,v12029,0.00519351149,Y,0.005242752676,X,X,X,WORN,NEEDS ZIPPED TIFF STACK ON MORPHOSOURCE,3/1/14,201402-08,NSV, ,TRUE,TRUE,TRUE,M7944, ,1
UF284219,UF284219,macrocranion<, ,UF284219,201402,M/2, ,v12029,0.004338320345,Y,0.004389110589,X,X,X,WORN, ,3/1/14,201402-27,NSV, ,TRUE,TRUE,TRUE,M7267, ,1
UF284223,UF284223,macrocranion<, ,UF284219,201402,M/1, ,v12029,0.004338320345,Y,0.004389110589,X,X,X,WORN,"chipped, not broken",3/1/14,201402-27,NSV, ,TRUE,TRUE,TRUE,M7791, ,1
UF284254,UF284254,erinaceomorpha, ,UF284219,201402,M/3, ,v12029,0.004338320345,Y,0.004389110589,X,X,X,X, ,1/2/17,201402-27,NSV, ,FALSE,FALSE,FALSE,, ,1
UF284313,UF284313,erinaceomorpha, ,UF284219,201402,MX/, ,v12029,0.004338320345,Y,0.004389110589,X, , , X,being picky; rough enamel,8/29/16,201402-27,NSV, ,FALSE,FALSE,FALSE,, ,1
UF284317,UF284317,erinaceomorpha, ,UF284219,201402,MX/, ,v12029,0.004338320345,Y,0.004389110589,X, , , X,being picky; rough enamel,8/29/16,201402-27,NSV, ,FALSE,FALSE,FALSE,, ,1
UF295466,UF295466,macrocranion, ,UF284219,201402,M3/,L,v12029,0.004338320345,Y,0.004389110589,X,BROKEN,:(,:(,being picky? Paracone partially gone,8/29/16,201402-27,NSV, ,FALSE,FALSE,FALSE,, ,1
UF295468,UF295468,macrocranion, ,UF284219,201402,M3/, ,v12029,0.004338320345,Y,0.004389110589,X,BROKEN,:(,:(,"rough surface, lots of missing enamel",8/29/16,201402-27,NSV, ,FALSE,FALSE,FALSE,, ,1
UF284221,UF284221,macrocranion<, ,UF284221,201402,M/1, ,v12029,0.004341970909,Y,0.004392762632,X,X,X,X,NEEDS ZIPPED TIFF STACK ON MORPHOSOURCE,3/1/14,201402-09,NSV, ,TRUE,TRUE,TRUE,M7789, ,1
UF284252,UF284252,erinaceomorpha, ,UF284221,201402,M/3, ,v12029,0.004341970909,Y,0.004392762632,X,BROKEN,:(,:(,mostly enamelless,1/2/17,201402-09,NSV, ,FALSE,FALSE,FALSE,, ,1
UF284300,UF284300,erinaceomorpha, ,UF284221,201402,MX/,L,v12029,0.004341970909,Y,0.004392762632,X,X,X,X, ,8/29/16,201402-09,NSV, ,FALSE,FALSE,FALSE,, ,1
UF295476,UF295476,macrocranion, ,UF284221,201402,M3/, ,v12029,0.004341970909,Y,0.004392762632,X,:(,:(,:(,"maybe salvagable, but metacone mostly gone; being picky",8/29/16,201402-09,NSV, ,FALSE,FALSE,FALSE,, ,1
UF283295,UF283295,erinaceomorpha, ,UF284226,201402,M1/,L,v12029,0.003828136018,Y,0.003878037156,X,X,X,X, ,8/29/16,201402-15,NSV, ,FALSE,FALSE,FALSE,, ,1
UF284226,UF284226,macrocranion<, ,UF284226,201402,M/1, ,v12029,0.003828136018,Y,0.003878037156,X,X,X,BROKEN, ,3/1/14,201402-15,NSV, ,TRUE,TRUE,TRUE,M7969, ,1
UF283286,UF283286,erinaceomorpha,1,UF284227,201402,M2/,R,v12029,0.004481443721,Y,0.004532239999,X, , , X,paracone crumbling; being picky,8/25/16,201402-30,NSV, ,FALSE,FALSE,FALSE,, ,1
UF284201,UF284201,erinaceomorpha,3,UF284227,201402,M/1 or M/2,R,v12029,0.004481443721,Y,0.004532239999,X,X,X,WORN,"because of flipping, long mis-ID'd as UF284201. Fixed 2/20/17",2/2/16,201402-30,NSV, ,FALSE,FALSE,FALSE,, ,1
UF284227,UF284227,erinaceomorpha,1,UF284227,201402,M/1 or M/2, ,v12029,0.004481443721,Y,0.004532239999,X,BROKEN,:(,:(,no media files on Morphosource,12/10/17,201402-30,NSV, ,FALSE,FALSE,FALSE,, ,1
UF284301,UF284301,erinaceomorpha,2,UF284227,201402,M1/,L,v12029,0.004481443721,Y,0.004532239999,X,X,X,X,"buccal side messy, but also maybe a nyctitheriid?",8/25/16,201402-30,NSV, ,FALSE,FALSE,FALSE,, ,1
UF295430,UF295430,macrocranion<,3,UF284227,201402,M/1,L,v12029,0.004481443721,Y,0.004532239999,BROKEN,:(,:(,:(,"because of flipping, long mis-ID'd as UF284201. Fixed 2/20/17",12/10/17,201402-30,NSV, ,TRUE,TRUE,TRUE,M7793, ,1
UF283290,UF283290,erinaceomorpha, ,UF284228,201402,MX/,L,v12029,0.004341971335,Y,0.004392763058,X, , , X,missing large chunks of enamel. Ugly,8/25/16,201402-09,NSV, ,FALSE,FALSE,FALSE,, ,1
UF284220,UF284220,colpocherus, ,UF284228,201402,M/1, ,v12029,0.004341971335,Y,0.004392763058,X,X,X,X, ,7/3/17,201402-09,NSV, ,TRUE,TRUE,TRUE,M7967, ,1
UF284228,UF284228,macrocranion<, ,UF284228,201402,M/2, ,v12029,0.004341971335,Y,0.004392763058,X,X,X,WORN,no zipped tiff stack on morphosource,3/1/14,201402-09,NSV, ,TRUE,TRUE,TRUE,M7788, ,1
UF284253,UF284253,erinaceomorpha, ,UF284228,201402,M/3, ,v12029,0.004341971335,Y,0.004392763058,X,X,X,X, ,1/2/17,201402-09,NSV, ,FALSE,FALSE,FALSE,, ,1
UF284256,UF284256,erinaceomorpha, ,UF284228,201402,M/3, ,v12029,0.004341971335,Y,0.004392763058,X,X,X,X, ,1/2/17,201402-09,NSV, ,FALSE,FALSE,FALSE,, ,1
UF284282,UF284282,erinaceomorpha, ,UF284228,201402,maxilla M2/,R,v12029,0.004341971335,Y,0.004392763058,X,X,X,X,a little worn,8/25/16,201402-09,NSV, ,FALSE,FALSE,FALSE,, ,1
UF295457,UF295457,erinaceomorpha, ,UF284228,201402,M3/, ,v12029,0.004341971335,Y,0.004392763058,X,X,X,X, ,4/11/17,201402-09,NSV, ,FALSE,FALSE,FALSE,, ,1
UF295475,UF295475,erinaceomorpha, ,UF284228,201402,M3/,R,v12029,0.004341971335,Y,0.004392763058,X,X,X,X, ,4/11/17,201402-09,NSV, ,FALSE,FALSE,FALSE,, ,1
UF283246,UF283246,erinaceomorpha, ,UF284232,201402,M3/, ,v12029,0.003969434183,Y,0.00401971724,X,X,X,X, ,4/7/17,201402-19,NSV, ,FALSE,FALSE,FALSE,, ,1
UF284202,UF284202,erinaceomorpha, ,UF284232,201402,M/1,R,v12029,0.003969434183,Y,0.00401971724,X,BROKEN,:(,:(,"not an M/3 as labelled in scan notes. If mirrored, is a R M/1 or Macrocranion with broken entoconid",1/2/17,201402-19,NSV, ,FALSE,FALSE,FALSE,, ,1
UF284232,UF284232,colpocherus, ,UF284232,201402,M/1 or M/2, ,v12029,0.003969434183,Y,0.00401971724,X,X,X,BROKEN,multiple cusps sheared off,3/1/14,201402-19,NSV, ,TRUE,TRUE,FALSE,, ,1
UF284319,UF284319,erinaceomorpha, ,UF284232,201402,M1/ or M2/, ,v12029,0.003969434183,Y,0.00401971724,X,BROKEN,:(,:(,broken…style?,8/25/16,201402-19,NSV, ,FALSE,FALSE,FALSE,, ,1
UF283299,UF283299,erinaceomorpha, ,UF284239,201402,MX/,L,v12029,0.004341971335,Y,0.004392763058,X,X,X,X,some chips of enamel gone,8/25/16,201402-09,NSV, ,FALSE,FALSE,FALSE,, ,1
UF284239,UF284239,macrocranion<, ,UF284239,201402,M/2, ,v12029,0.004341971335,Y,0.004392763058,X,X,X,WORN, ,3/1/14,201402-09,NSV, ,TRUE,TRUE,TRUE,M7787, ,1
UF284258,UF284258,erinaceomorpha, ,UF284239,201402,M/3, ,v12029,0.004341971335,Y,0.004392763058,X,X,X,X, ,1/2/17,201402-09,NSV, ,FALSE,FALSE,FALSE,, ,1
UF295473,UF295473,erinaceomorpha, ,UF284239,201402,M3/, ,v12029,0.004341971335,Y,0.004392763058,X,BROKEN,:(,:(,broken paracone,12/10/17,201402-09,NSV, ,FALSE,FALSE,FALSE,, ,1
UF284224,UF284224,colpocherus, ,UF295431,201402,M/2, ,v12029,0.004642874002,Y,0.00469354911,X,X,X,X, ,3/1/14,201402-31,NSV, ,TRUE,TRUE,TRUE,M7968, ,1
UF284250,UF284250,erinaceomorpha, ,UF295431,201402,M/3, ,v12029,0.004642874002,Y,0.00469354911,BROKEN,:(,:(,:(,"beautiful, potential for salvage, but currently missing big chunk of lingual side from root",11/1/16,201402-31,NSV, ,FALSE,FALSE,FALSE,, ,1
UF284260,UF284260,erinaceomorpha, ,UF295431,201402,M/3, ,v12029,0.004642874002,Y,0.00469354911,X,X,X,X, ,11/1/16,201402-31,NSV, ,FALSE,FALSE,FALSE,, ,1
UF284299,UF284299,erinaceomorpha, ,UF295431,201402,M1/,L,v12029,0.004642874002,Y,0.00469354911,X,X,X,X, ,8/23/16,201402-31,NSV, ,FALSE,FALSE,FALSE,, ,1
UF284318,UF284318,erinaceomorpha, ,UF295431,201402,M1/,L,v12029,0.004642874002,Y,0.00469354911,X,:(,:(,:(,ugly and lumpy,8/25/16,201402-31,NSV, ,FALSE,FALSE,FALSE,, ,1
UF295431,UF295431,macrocranion, ,UF295431,201402,M/1 or M/2, ,v12029,0.004642874002,Y,0.00469354911,X,X,:(,:(,enamelless,3/1/14,201402-31,NSV, ,FALSE,FALSE,FALSE,, ,1
UF295465,UF295465,macrocranion, ,UF295431,201402,M3/,L,v12029,0.004642874002,Y,0.00469354911,X,X,X,X, ,4/11/17,201402-31,NSV, ,FALSE,FALSE,FALSE,, ,1
UF295470,UF295470,macrocranion, ,UF295431,201402,M3/,L,v12029,0.004642874002,Y,0.00469354911,X, , , X,"sides of tooth broken. Occlusal surface okay, so if crop is high, could be included",8/23/16,201402-31,NSV, ,FALSE,FALSE,FALSE,, ,1
UF284333,UF284333,plagioctenoides, ,UF295444,201402,MX/, ,v12029,0.004877811298,Y,0.004928067667,X, , , X,"paper notes (written at time of packing/scanning) say this specimen is UF284333, but when notes were transcribed number miswritten as 284341",12/10/17,201402-33,NSV, ,FALSE,FALSE,FALSE,, ,1
UF284336,UF284336,plagioctenoides, ,UF295444,201402,MX/, ,v12029,0.004877811298,Y,0.004928067667,X,X, , X, ,11/7/16,201402-33,ESC, ,FALSE,FALSE,FALSE,, ,1
UF295444,UF295444,plagioctenoides, ,UF295444,201402,M/X, ,v12029,0.004877811298,Y,0.004928067667,X,X, , X,cropped surface lost in hard drive crash,1/1/17,201402-33,BSB, ,FALSE,FALSE,FALSE,, ,1
UF283384,UF283384,plagioctenoides, ,UF295454,201402,MX/, ,v12029,0.004877859261,Y,0.004928115515,X, , , X, ,1/1/17,201402-35,NSV, ,FALSE,FALSE,FALSE,, ,1
UF295454,UF295454,plagioctenoides, ,UF295454,201402,M/2, ,v12029,0.004877859261,Y,0.004928115515, X, , ,X,"other files missing, lost in hard drive crash?",1/1/17,201402-35,BSB, ,FALSE,FALSE,FALSE,, ,1
UF252026,CAB06-0421,rodent,1,CAB06-0421,201409,M/2,L,v06089,0.008295918,Y,0.008219982856, , , , ,"field catalogued as Acritoparamys atwateri, L dentary I/1 (broken), P/4-M/2, wa-0",,201409,NSV,NSV,FALSE,FALSE,FALSE,, ,
UF252361,CAB06-0739,rodent,1,CAB06-0939,201409,M/2, ,v06134,0.008295918,Y,0.008219982856, , , , ,"originally labelled as ""CAB06-0939""",,201409,NSV,NSV,FALSE,FALSE,FALSE,, ,
UF252764,CAB07-0347,mimoperadectes,1,CAB07-0347,201409,"dentary M/2, M/3, M/4",R,v07072,0.008687713,Y,0.008588024104,X,BROKEN,:(,:(, ,1/28/15,201409,NSV, ,FALSE,FALSE,FALSE,, ,
UF254039,CAB08-0958,rodent,1,CAB08-0958,201409,M/2, ,v08184,0.005662852,Y,0.005699363815, , , , , ,,201409, , ,FALSE,FALSE,FALSE,, ,
UF325176,CAB10-0008,rodent,1,CAB10-0008,201409,M/2, ,v10002,0.011117397,Y,0.01082978352, , , , , ,,201409, , ,FALSE,FALSE,FALSE,, ,
UF326171,CAB11-0507,rodent,1,CAB11-0507,201409,M/2, ,v08179,0.007413843,Y,0.007384728692, , , , , ,,201409, , ,FALSE,FALSE,FALSE,, ,
UF326476,CAB11-0816,peradectes,1,CAB11-0816,201409,M/2 or M/3, ,v06061,0.006489696,Y,0.006499745627,BROKEN,:(,:(,:(, ,12/3/14,201409,NSV, ,FALSE,FALSE,FALSE,, ,
UF328419,CAB12-1037,eulipotyphla,1,CAB11-0816,201409,dentary P/4,L,v06061,0.006489696,Y,0.006499745627,X,X,X,X,"after a lot of thought, it's niptomomys, not macrocranion",4/25/17,201409,NSV, ,FALSE,FALSE,FALSE,, ,
UF329542,CAB13-0151,nyctitheriidae,1,CAB11-0816,201409,"dentary P/4, M/1, M/2",R,v08179,0.006489696,Y,0.006499745627,X,BROKEN,:(,:(,"Jaw, label field saved; this one is really ugly",2/25/15,201409,KLR, ,FALSE,FALSE,FALSE,, ,
UF326430,CAB11-0770,mimoperadectes,1,CAB11-1290,201409,M/2 or M/3,L,v06061,0.005187779,Y,0.005235830333,X,X,X,X, ,2/2/15,201409-03,NSV, ,TRUE,TRUE,TRUE,M9890, ,
UF326550,CAB11-0890,rodent,1,CAB11-1290,201409,M/2,R,v06061,0.005187779,Y,0.005235830333, , , , ,both R&L in this layer -- be careful,,201409-03, , ,FALSE,FALSE,FALSE,, ,
UF326750,CAB11-1096,rodent,1,CAB11-1290,201409,M/2,L,(L)nw0321,0.005187779,Y,0.005235830333, , , , ,both R&L in this layer -- be careful,,201409-03, , ,FALSE,FALSE,FALSE,, ,
UF328740,CAB12-1360,peradectes,1,CAB11-1290,201409,M/2 or M/3,R,v06061,0.005187779,Y,0.005235830333,X,X,X,BROKEN,"long misID'd as CAB12-1599, fixed 2/20/17just the entoconid broken",1/22/15,201409-03,NSV, ,FALSE,FALSE,FALSE,, ,
UF328978,CAB12-1599,herpetotherium,1,CAB11-1290,201409,M/2 or M/3,L,v12016,0.005187779,Y,0.005235830333,X,X,BROKEN,:(,"long misID'd as CAB12-1360, fixed 2/20/17; heavily worn…maybe too worn. Also that chip on the side -- sunk?",1/22/15,201409-03,NSV, ,FALSE,FALSE,FALSE,, ,
UF326637,CAB11-0981,rodent,2,CAB11-1290,201409,M/2,L,v06061,0.005187779,Y,0.005235830333, , , , ,both R&L in this layer -- be careful,,201409-03, , ,FALSE,FALSE,FALSE,, ,
UF328501,CAB12-1120,peradectes,2,CAB11-1290,201409,M/1,L,v06061,0.005187779,Y,0.005235830333,X,X,X,X,"long misID'd as CAB12-1521, fixed 2/20/17",6/29/17,201409-03,NSV, ,FALSE,FALSE,FALSE,, ,
UF328900,CAB12-1521,peradectes,2,CAB11-1290,201409,M/2 or M/3,R,v12015,0.005187779,Y,0.005235830333,BROKEN,:(,:(,:(,"long misID'd as CAB12-1120, fixed 2/20/17; protoconid, metaconid, entoconid all sliced off",12/10/17,201409-03,NSV, ,TRUE,TRUE,TRUE,M9911, ,
UF329119,CAB12-1740,rodent,2,CAB11-1290,201409,M/2,R,v08179,0.005187779,Y,0.005235830333, , , , ,both R&L in this layer -- be careful,,201409-03, , ,FALSE,FALSE,FALSE,, ,
UF330245,CAB13-0856,mimoperadectes,2,CAB11-1290,201409,M/4, ,v06061,0.005187779,Y,0.005235830333,X,X,BROKEN,:(,"might actually be M/4, with a big chip out the side. Tried to reconstruct, thought better of it.",1/31/15,201409-03,NSV, ,FALSE,FALSE,FALSE,, ,
UF326946,CAB11-1293,eulipotyphla,1,CAB11-1293,201409,M/X, ,v07056,0.004095754,Y,0.004160191095,X,X,X,X,"originally labelled a P/4, but looks like a molar. Who is this?",4/13/17,201409,NSV, ,FALSE,FALSE,FALSE,, ,
UF252701,CAB07-0291,geolabididae,1,CAB12-0419,201409,"dentary P/4, M/1",L,v07056,0.008046869,Y,0.007985087563,X,X,X,X,"not an erinaceomorph, as originally thought",4/14/17,201409,NSV, ,TRUE,TRUE,TRUE,M8368, ,
UF327791,CAB12-0419,peradectes,1,CAB12-0419,201409,"dentary M/2, M/3, M/4",R,v07081,0.008046869,Y,0.007985087563,X,X,X,X,M/4 broken; no files linked to specimen on morphosource,6/29/17,201409,NSV, ,TRUE,TRUE,TRUE,M9240, ,
UF252901,CAB07-0580,rodent,1,CAB12-0562,201409,M/2, ,v07103,0.005662852,Y,0.005699363815, , , , , ,,201409-01, , ,FALSE,FALSE,FALSE,, ,
UF327661,CAB12-0368-06,mimoperadectes,1,CAB12-0562,201409,M/2 or M/3, ,v12015,0.005662852,Y,0.005699363815,X,BROKEN,:(,:(,trigonid cusps broken,5/28/15,201409-01,NSV, ,FALSE,FALSE,FALSE,, ,
UF327947,CAB12-0562,peradectes,1,CAB12-0562,201409,M/2, ,v12029,0.005662852,Y,0.005699363815,X,X,X,X, ,6/29/17,201409-01,NSV, ,FALSE,FALSE,FALSE,, ,
UF328055,CAB12-0672,colpocherus,1,CAB12-0562,201409,M/2, ,v08080,0.005662852,Y,0.005699363815,X,X,X,X, ,7/3/17,201409-01,NSV, ,TRUE,TRUE,TRUE,M8825, ,
UF325937,CAB11-0269,rodent,2,CAB12-0562,201409,M/2, ,v06061,0.005662852,Y,0.005699363815, , , , , ,,201409-01, , ,FALSE,FALSE,FALSE,, ,
UF327215,CAB12-0086,mimoperadectes,2,CAB12-0562,201409,M/2 or M/3, ,v06061,0.005662852,Y,0.005699363815,X,X,BROKEN,:(,"files are called ""68"" instead of ""86""; hole along ventral margin; salvage experimental",2/2/15,201409-01,NSV, ,FALSE,FALSE,FALSE,, ,
UF329726,CAB13-0334,peradectes,2,CAB12-0562,201409,M/2 or M/3,L,v12015,0.005662852,Y,0.005699363815,X,BROKEN,:(,:(,this one should not have even been scanned. Not sure how I managed that.,12/10/17,201409-01,NSV, ,FALSE,FALSE,FALSE,, ,
UF328154,CAB12-0771,rodent,1,CAB12-0771,201409,M/2, ,v10061,0.008687713102,Y,0.008588024104, , , , , ,,201409, , ,FALSE,FALSE,FALSE,, ,
UF328233,CAB12-0850,rodent,1,CAB12-0850,201409,M/2, ,v09108,0.007413841081,Y,0.007384726788, , , , , ,,201409, , ,FALSE,FALSE,FALSE,, ,
UF326355,CAB11-0691,macrocranion,1,CAB12-1064,201409,P/4, ,v06061,0.005187779222,Y,0.005235830333,:(,:(,:(,:(,duplicate of layer 2 of 12-1690,3/16/15,201409-03,NSV,,FALSE,FALSE,FALSE,, ,
UF326489,CAB11-0829,rodent,1,CAB12-1271,201409,M/2, ,v06061,0.005188550334,Y,0.005236584772, , , , , ,,201409-02, , ,FALSE,FALSE,FALSE,, ,
UF326513,CAB11-0853,peradectes,1,CAB12-1271,201409,M/2 or M/3, ,v06061,0.005188550334,Y,0.005236584772,X,BROKEN,:(,:(,"so close, yet so far. Not just hypoconid, but also medial region of the labial side.",11/14/17,201409-02,NSV, ,TRUE,FALSE,TRUE,M12631, ,
UF326576,CAB11-0919,mimoperadectes,1,CAB12-1271,201409,M/2 or M/3, ,v06061,0.005188550334,Y,0.005236584772,X,X,X,X,"pretty chip. Can't assess wear on the metaconid, but I don't think it's broken off, just missing enamel",5/28/15,201409-02,NSV, ,TRUE,TRUE,TRUE,M12606, ,
UF328528,CAB12-1147,erinaceomorpha,1,CAB12-1271,201409,P/4, ,v06061,0.005188550334,Y,0.005236584772,X,BROKEN,:(,:(,"lingual side crumbly, chips out of bottom, might have been salvageable but can't tell what's going on with ""paraconid"" and ""metaconid""",3/3/15,201409-02,NSV, ,FALSE,FALSE,FALSE,, ,
UF328541,CAB12-1160,nyctitheriidae,1,CAB12-1271,201409,M/1 or M/2, ,v06061,0.005188550334,Y,0.005236584772,BROKEN,:(,:(,:(, ,12/10/17,201409-02,NSV,,FALSE,FALSE,FALSE,, ,
UF328651,CAB12-1271,ectypodus,1,CAB12-1271,201409,M/1, ,v06061,0.005188550334,Y,0.005236584772,X,X,X,X, ,2/2/15,201409-02,NSV,,FALSE,FALSE,FALSE,, ,
UF332052,CAB14-0706,colpocherus,1,CAB12-1271,201409,M/1, ,v14047,0.005188550334,Y,0.005236584772,X,X,X,X, ,6/30/17,201409-02,NSV, ,TRUE,TRUE,FALSE,M41158, ,
UF326413,CAB11-0750,peradectes,2,CAB12-1271,201409,M/2,R,v06061,0.005188550334,Y,0.005236584772,X,X,X,X, ,6/29/17,201409-02,NSV, ,TRUE,TRUE,TRUE,M9888, ,
UF326544,CAB11-0884,mimoperadectes,2,CAB12-1271,201409,M/2 or M/3,L,v06061,0.005188550334,Y,0.005236584772,X,X,X,X, ,1/19/15,201409-02,NSV,,TRUE,TRUE,TRUE,M9895, ,
UF326549,CAB11-0889,rodent,2,CAB12-1271,201409,M/1, ,v06061,0.005188550334,Y,0.005236584772,BROKEN,:(,:(,:(, ,12/18/14,201409-02,NSV,,TRUE,FALSE,TRUE,M12608, ,
UF326560,CAB11-0900,erinaceomorpha,2,CAB12-1271,201409,P/4, ,v06061,0.005188550334,Y,0.005236584772,BROKEN,:(,:(,:(, ,12/18/14,201409-02,NSV,,TRUE,FALSE,TRUE,M12607, ,
UF328642,CAB12-1262,ectypodus,2,CAB12-1271,201409,M/1, ,v06061,0.005188550334,Y,0.005236584772,BROKEN,:(,:(,:(, ,12/18/14,201409-02,NSV,,FALSE,FALSE,FALSE,, ,
UF329082,CAB12-1703,talpavoides,2,CAB12-1271,201409,M/2, ,v07055,0.005188550334,Y,0.005236584772,X,X,X,X,"originally labelled as ""CAB12-0703""; hard to tell if macrocranion or colpocherus",7/4/17,201409-02,NSV,,TRUE,TRUE,FALSE,M41144, ,
UF326682,CAB11-1027,erinaceomorpha,1,CAB12-1416,201409,M/1 or M/2, ,v09105,0.005187779199,Y,0.005235830333,X,BROKEN,:(,:(,almost all enamel gone plus further breaks on buccal edge.,4/21/15,201409-03,NSV, ,FALSE,FALSE,FALSE,, ,
UF326945,CAB11-1292,leptacodon_donkroni,1,CAB12-1416,201409,P/4,R,v07056,0.005187779199,Y,0.005235830333,X,X,X,X,"NEEDS CLEANING: Large lump on largest cusp, too  big for grit, too smooth for break. Really Plagioctenoides? Keep an eye on it.",2/4/15,201409-03,KLR, ,FALSE,FALSE,FALSE,, ,
UF328499,CAB12-1118,mimoperadectes,1,CAB12-1416,201409,M/2 or M/3,R,v06061,0.005187779199,Y,0.005235830333,X,X,X,X,worn metaconid,2/4/15,201409-03,NSV, ,TRUE,TRUE,TRUE,M9910, ,
UF328783,CAB12-1403,erinaceomorpha,1,CAB12-1416,201409,P/4, ,v06061,0.005187779199,Y,0.005235830333,X,X,X,X,is this niptomomys? This and 12-1037 can't both be niptomomys,4/25/17,201409-03,NSV, ,FALSE,FALSE,FALSE,, ,
UF328796,CAB12-1416,ectypodus,1,CAB12-1416,201409,M/1, ,v08080,0.005187779199,Y,0.005235830333,X,X, , ,"chipped from root to teeth line, broken?, Saved raw and partially filled **FINISH",1/1/17,201409-03,SHH, ,FALSE,FALSE,FALSE,, ,
UF329106,CAB12-1727,rodent,1,CAB12-1416,201409,M/2, ,v12011,0.005187779199,Y,0.005235830333, , , , , ,,201409-03, , ,FALSE,FALSE,FALSE,, ,
UF329108,CAB12-1729,peradectes,1,CAB12-1416,201409,M/2 or M/3, ,v12011,0.005187779199,Y,0.005235830333,X,BROKEN,:(,:(,"lingual margin, nice big chip that affects both the entoconid and metaconid. Plus, the hole below the entoconid. :(",1/22/15,201409-03,NSV, ,FALSE,FALSE,FALSE,, ,
UF326748,CAB11-1094,mimoperadectes,2,CAB12-1416,201409,M/2 or M/3, ,(L)nw0321,0.005187779199,Y,0.005235830333,X,BROKEN,:(,:(,anterior broken?,5/19/15,201409-03,NSV, ,FALSE,FALSE,FALSE,, ,
UF326866,CAB11-1212,rodent,2,CAB12-1416,201409,M/2, ,v08179,0.005187779199,Y,0.005235830333, , , , ,surfaces lost in hard drive crash,,201409-03, , ,FALSE,FALSE,FALSE,, ,
UF327065,CAB11-1412,ectypodus,2,CAB12-1416,201409,M/1, ,v07056,0.005187779199,Y,0.005235830333,BROKEN,:(,:(,:(,"chiped/broken side of teeth, saved raw",12/1/16,201409-03,SHH, ,FALSE,FALSE,FALSE,, ,
UF328433,CAB12-1051,peradectes,2,CAB12-1416,201409,M/2 or M/3, ,v06061,0.005187779199,Y,0.005235830333,X,BROKEN,:(,:(,entoconid/hypoconulid complex sheared off,1/22/15,201409-03,NSV, ,FALSE,FALSE,FALSE,, ,
UF328914,CAB12-1535,macrocranion<,2,CAB12-1416,201409,M/1, ,v12015,0.005187779199,Y,0.005235830333,X,X,X,X, ,4/30/15,201409-03,NSV, ,TRUE,TRUE,FALSE,M41143, ,
UF330221,CAB13-0832,niptomomys,2,CAB12-1416,201409,P/4,R,v06061,0.005187779199,Y,0.005235830333,X,X,X,X, ,2/4/15,201409-03,KLR, ,FALSE,FALSE,FALSE,, ,
UF326551,CAB11-0891,rodent,1,CAB12-1458,201409,M/2,R,v06061,0.005436897934,Y,0.00547923175, , , , ,both R&L in this layer -- be careful,,201409-04, , ,FALSE,FALSE,FALSE,, ,
UF326949,CAB11-1296,rodent,1,CAB12-1458,201409,M/2,L,v07056,0.005436897934,Y,0.00547923175,X,X,X,BROKEN,enamelless,2/20/17,201409-04,NSV, ,FALSE,FALSE,FALSE,, ,
UF328838,CAB12-1458,colpocherus,1,CAB12-1458,201409,M/1, ,v08080,0.005436897934,Y,0.00547923175,X,X,X,X, ,6/30/17,201409-04,NSV, ,TRUE,TRUE,TRUE,M8826, ,
UF329120,CAB12-1741,peradectes,1,CAB12-1458,201409,M/3,R,v08179,0.005436897934,Y,0.00547923175,X,X,X,X,long misID'd as CAB13-0845. Fixed 2/20/17,6/29/17,201409-04,NSV, ,TRUE,TRUE,TRUE,M9912, ,
UF330234,CAB13-0845,peradectes,1,CAB12-1458,201409,M/2,L,v06061,0.005436897934,Y,0.00547923175,X,X,X,X,long misID'd as CAB12-1741. Fixed 2/20/17,6/29/17,201409-04,NSV, ,FALSE,FALSE,FALSE,, ,
UF326464,CAB11-0804,rodent,2,CAB12-1458,201409,M/2,L,v06061,0.005436897934,Y,0.00547923175,X,X,X, ,started fill -- need to finish removing matrix,5/14/15,201409-04,NBM, ,FALSE,FALSE,FALSE,, ,
UF326709,CAB11-1054,colpocherus,2,CAB12-1458,201409,M/1 or M/2, ,v09217,0.005436897934,Y,0.00547923175,X,X,X,BROKEN,enamelless,4/30/15,201409-04,NSV, ,TRUE,TRUE,TRUE,M12605, ,
UF326912,CAB11-1259,peradectes,2,CAB12-1458,201409,M/3,R,v08179,0.005436897934,Y,0.00547923175,X,X,X,X,long misID'd as CAB13-0813. Fixed 2/20/17,6/29/17,201409-04,NSV, ,TRUE,TRUE,TRUE,M9909, ,
UF329125,CAB12-1746,rodent,2,CAB12-1458,201409,M/2,R,v08179,0.005436897934,Y,0.00547923175,X,X,X, ,"need to fix some fill, cropped extra tooth that was leaning agains this tooth in the gelcap",5/14/15,201409-04,EDW, ,FALSE,FALSE,FALSE,, ,
UF330188,CAB13-0799,mimoperadectes,2,CAB12-1458,201409,M/2 or M/3,R,v06061,0.005436897934,Y,0.00547923175,X,X,X,X, ,2/6/15,201409-04,NSV, ,TRUE,TRUE,TRUE,M9916, ,
UF330202,CAB13-0813,peradectes,2,CAB12-1458,201409,M/2,L,v06061,0.005436897934,Y,0.00547923175,X,X,X,X,"long misID'd as CAB11-1259. Fixed 2/20/17; chipped along posterior of ventral margin, but close. Try it and see.",6/29/17,201409-04,NSV, ,TRUE,TRUE,TRUE,M9918, ,
UF326465,CAB11-0805,rodent,3,CAB12-1458,201409,M/2,L,v06061,0.005436897934,Y,0.00547923175, , , , ,initially mislabelled CAB11-0825,,201409-04, , ,FALSE,FALSE,FALSE,, ,
UF326485,CAB11-0825,rodent,3,CAB12-1458,201409,M/2,R,v06061,0.005436897934,Y,0.00547923175,X,X,X,X,initially mislabelled CAB11-0805,5/14/15,201409-04,NBM, ,TRUE,TRUE,TRUE,M12633, ,
UF326899,CAB11-1246,macrocranion<,3,CAB12-1458,201409,M/2, ,v08179,0.005436897934,Y,0.00547923175,X,X,X,X, ,4/30/15,201409-04,NSV, ,TRUE,TRUE,TRUE,M12604, ,
UF330293,CAB13-0904,peradectes,3,CAB12-1458,201409,M/2 or M/3,R,v08182,0.005436897934,Y,0.00547923175,X,BROKEN,:(,:(,"posteroventral buccal side broken off high enough that it's not reconstructable. A tragedy, because the cusps are so beautiful",1/23/15,201409-04,NSV, ,FALSE,FALSE,FALSE,, ,
UF252169,CAB06-0551,mimoperadectes,1,CAB12-1459,201409,M/2 or M/3,L,v06138,0.005436897934,Y,0.00547923175,X,X,X,X, ,2/11/15,201409-04,NSV, ,TRUE,TRUE,TRUE,M8363, ,
UF326387,CAB11-0723,peradectes,1,CAB12-1459,201409,M/2,R,v06061,0.005436897934,Y,0.00547923175,X,X,X,X, ,6/29/17,201409-04,KLR,,TRUE,TRUE,TRUE,M12638, ,
UF326520,CAB11-0860,rodent,1,CAB12-1459,201409,M/2,R,v06061,0.005436897934,Y,0.00547923175,X,X,X,X,"initially mislabelled CAB12-1127; because enamel got chipped off fossil, EDJ is rough. Redid to approximate original EDJ (crop2.ply)",1/12/15,201409-04,KLR; NSV,,TRUE,TRUE,TRUE,M12609, ,
UF328502,CAB12-1121,herpetotherium,1,CAB12-1459,201409,M/2 or M/3,L,v06061,0.005436897934,Y,0.00547923175,X,X,X,X,"cusps enamel-chipped, may have to be excluded",6/29/17,201409-04,NSV, ,FALSE,FALSE,FALSE,, ,
UF328508,CAB12-1127,rodent,1,CAB12-1459,201409,M/2,L,v06061,0.005436897934,Y,0.00547923175,X,X,X,X,intially mislabelled CAB11-0860,1/12/15,201409-04,KLR; NSV,,FALSE,FALSE,FALSE,, ,
UF328839,CAB12-1459,colpocherus,1,CAB12-1459,201409,M/1, ,v08080,0.005436897934,Y,0.00547923175,X,X,X,X, ,7/3/17,201409-04,KLR; NSV,,TRUE,TRUE,TRUE,M8828, ,
UF326678,CAB11-1023,nyctitheriidae,1,CAB12-1647,201409,dP/4?,L,v09105,0.005187778193,Y,0.005235829355,X,X,X,X,"long misID'd as CAB12-1601, fixed 2/20/17; Originally ID'd as peradectes. Not peradectes, too small, trigonid too high and talonid cusps in wrong arrangement, unless this is an m/4?; this doesn't look quite right for Peradectes. Trigonid too anteroposteriorly compressed. Buccal side is broken either way, but still",1/23/15,201409,NSV,,TRUE,TRUE,TRUE,M9896, ,
UF328429,CAB12-1047,rodent,1,CAB12-1647,201409,M/2,L,v06061,0.005187778193,Y,0.005235829355,X,X,X,X, ,1/26/15,201409,KLR,,FALSE,FALSE,FALSE,, ,
UF328430,CAB12-1048,rodent,1,CAB12-1647,201409,M/2,R,v06061,0.005187778193,Y,0.005235829355,X,X,X,X,Maybe grit? Label field saved just in case,1/26/15,201409,KLR,,FALSE,FALSE,FALSE,, ,
UF328980,CAB12-1601,peradectes,1,CAB12-1647,201409,M/4,R,v12016,0.005187778193,Y,0.005235829355,X,X,X,X,"long misID'd as CAB11-1023, fixed 2/20/17  originally listed as M/2 or M/3, is more likely an M/4",1/23/15,201409,NSV,,FALSE,FALSE,FALSE,, ,
UF329026,CAB12-1647,nyctitheriidae,1,CAB12-1647,201409,M/X,L,v12017,0.005187778193,Y,0.005235829355,BROKEN,:(,:(,:(,"buccal edge broken up into cusp. Too bad, cusps are otherwise beautifl",1/23/15,201409,NSV, ,FALSE,FALSE,FALSE,, ,
UF326330,CAB11-0666,colpocherus,1,CAB12-1690,201409,M/1 or M/2, ,v06061,0.005187779199,Y,0.005235830333,X,X,X,BROKEN,beat up. And traingular trigonid. Not colpocherus? Not in this file. *Found! This folder had mis-ID'd teeth. -NSV,1/21/15,201409-03,KLR,KLR,TRUE,TRUE,TRUE,M12639, ,
UF326428,CAB11-0766,mimoperadectes,1,CAB12-1690,201409,M/2 or M/3, ,v06061,0.005187779199,Y,0.005235830333,X,X,X,X,originally entered as CAB12-0766,1/21/15,201409-03,KLR,NSV,TRUE,TRUE,TRUE,M12637, ,
UF326767,CAB11-1113,eulipotyphla,1,CAB12-1690,201409,P/4, ,v07009,0.005187779199,Y,0.005235830333,X,X,X,X,"some damage to protoconid, still usable?",1/30/15,201409-03,KLR,NSV,FALSE,FALSE,FALSE,, ,
UF329069,CAB12-1690,ectypodus,1,CAB12-1690,201409,M/1, ,v09217,0.005187779199,Y,0.005235830333,x,x,x,x, ,1/1/17,201409-03,SHH, ,FALSE,FALSE,FALSE,, ,
UF329115,CAB12-1736,rodent,1,CAB12-1690,201409,M/2, ,v08179,0.005187779199,Y,0.005235830333, , , , , ,3/3/15,201409-03,NSV, ,FALSE,FALSE,FALSE,, ,
UF329146,CAB12-1769,peradectes,1,CAB12-1690,201409,M/2,R,v08179,0.005187779199,Y,0.005235830333,X,X,X,X,"long mis-ID'd as CAB12-1767, changed to 1769 on 2017-10-20; files renamed",6/29/17,201409-03,NSV,KLR,TRUE,TRUE,TRUE,M9913, ,
UF332023,CAB14-0677,macrocranion,1,CAB12-1690,201409,P/4,R,v08087b,0.005187779199,Y,0.005235830333,X,X,X,X, ,4/25/17,201409-03,NSV, ,FALSE,FALSE,FALSE,, ,
UF326495,CAB11-0835,mimoperadectes,2,CAB12-1690,201409,M/2 or M/3, ,v06061,0.005187779199,Y,0.005235830333,X,X,X,X,"hypoconulid/entoconulid chipped off; anteroventral margin broken off enough that I'm concerned, but possibly salvageable. I'm gonna give it a shot.",1/14/15,201409-03,KLR,NSV,TRUE,TRUE,TRUE,M12632, ,
UF326769,CAB11-1115,plagioctenodon_krausae,2,CAB12-1690,201409,M/2, ,v07009,0.005187779199,Y,0.005235830333,X,X,X,X, ,3/3/15,201409-03,NSV, ,TRUE,TRUE,TRUE,M8824, ,
UF328784,CAB12-1404,ectypodus,2,CAB12-1690,201409,M/1, ,v06061,0.005187779199,Y,0.005235830333,X,X,X,X, ,1/14/15,201409-03,KLR,KLR,FALSE,FALSE,FALSE,, ,
UF329017,CAB12-1638,macrocranion,2,CAB12-1690,201409,P/4,L,v12017,0.005187779199,Y,0.005235830333,X,X,X,X,originally entered as CAB12-1630,4/25/17,201409-03,NSV,NSV,FALSE,FALSE,FALSE,, ,
UF329121,CAB12-1742,rodent,2,CAB12-1690,201409,M/2, ,v08179,0.005187779199,Y,0.005235830333,X,X,X,X, ,1/19/15,201409-03,NSV, ,FALSE,FALSE,FALSE,, ,
UF329147,CAB12-1768,peradectes,2,CAB12-1690,201409,M/3,R,v08179,0.005187779199,Y,0.005235830333,X,X,X,X,ventral margin of anterior missing a little. We'll see if it's problematic,6/29/17,201409-03,NSV, ,TRUE,TRUE,TRUE,M9914, ,
UF329545,CAB13-0154,talpavoides,1,CAB13-0154,201409,"dentary M/2, M/3",R,v08179,0.004133984674,Y,0.004198087146,X,X,X,BROKEN,hypoconid broken;,2/25/15,201409,KLR,NSV,FALSE,FALSE,FALSE,, ,
UF330207,CAB13-0818,mimoperadectes,1,CAB13-0818,201409,M/4, ,v06061,0.005683805722,Y,0.00571974726,X,X,X,X,"Chipped, ED junction hard to infer, I compared with other mimo teeth",1/16/15,201409-04,KLR,KLR,FALSE,FALSE,FALSE,, ,
UF330279,CAB13-0890,rodent,1,CAB13-0818,201409,M/2,L,v06055,0.005683805722,Y,0.00571974726, , , , ,both R&L in this layer -- be careful,,201409-04, , ,FALSE,FALSE,FALSE,, ,
UF330377,CAB13-0988,rodent,1,CAB13-0818,201409,M/2,R,v08179,0.005683805722,Y,0.00571974726, , , , ,both R&L in this layer -- be careful,,201409-04, , ,FALSE,FALSE,FALSE,, ,
UF330409,CAB13-1020,macrocranion<,1,CAB13-0818,201409,M/1, ,v08179,0.005683805722,Y,0.00571974726,X,X,X,BROKEN,"raw surface made for ID. Worn. Very worn. Maybe too worn. Also pocked, but salvageable, I think.",4/29/15,201409-04,NSV, ,FALSE,FALSE,FALSE,, ,
UF330210,CAB13-0821,rodent,2,CAB13-0818,201409,M/2,R,v06061,0.005683805722,Y,0.00571974726, , , , ,initially mislabelled CAB13-0903,,201409-04, , ,FALSE,FALSE,FALSE,, ,
UF330292,CAB13-0903,rodent,2,CAB13-0818,201409,M/2,L,v08182,0.005683805722,Y,0.00571974726,X,X,X,X,initially mislabelled CAB13-0821,1/16/15,201409-04,KLR,KLR,FALSE,FALSE,FALSE,, ,
UF330306,CAB13-0917,mimoperadectes,2,CAB13-0818,201409,M/2 or M/3, ,v08182,0.005683805722,Y,0.00571974726,X,X,X,X,talonid - entoconid and hypoconulid chipped? Too much? We'll give it a try and see what happens.,5/28/15,201409-04,NSV, ,FALSE,FALSE,FALSE,, ,
UF330396,CAB13-1007,macrocranion<,2,CAB13-0818,201409,M/2, ,v08179,0.005683805722,Y,0.00571974726,X,X,X,X, ,4/30/15,201409-04,NSV, ,TRUE,TRUE,FALSE,M41150, ,
UF330192,CAB13-0803,rodent,1,CAB13-0887,201409,M/2,L,v06061,0.005936655476,Y,0.005965301255, , , , ,initially mislabelled CAB13-0954[0984?],,201409-06, ,KLR,FALSE,FALSE,FALSE,, ,
UF330276,CAB13-0887,mimoperadectes,1,CAB13-0887,201409,M/2 or M/3,L,v06055,0.005936655476,Y,0.005965301255,X,X,X,X, ,2/11/15,201409-06,NSV, ,TRUE,TRUE,TRUE,M9923, ,
UF330343,CAB13-0954,rodent,1,CAB13-0887,201409,M/2,R,v06054,0.005936655476,Y,0.005965301255,X,X,X,X,initially mislabelled CAB13-0803; junction unclear and large break,1/16/15,201409-06,KLR, ,FALSE,FALSE,FALSE,, ,
UF330260,CAB13-0871,mimoperadectes,2,CAB13-0887,201409,M/2 or M/3, ,v06055,0.005936655476,Y,0.005965301255,X,BROKEN,:(,:(, ,2/11/15,201409-06,NSV, ,FALSE,FALSE,FALSE,, ,
UF330281,CAB13-0892,rodent,2,CAB13-0887,201409,M/2,L,v06055,0.005936655476,Y,0.005965301255,X,X,X,X,"Large break, edges may look weird?; initially mislabelled CAB14-0799",1/21/15,201409-06,KLR,KLR,FALSE,FALSE,FALSE,, ,
UF332145,CAB14-0799,rodent,2,CAB13-0887,201409,M/2,R,v06061,0.005936655476,Y,0.005965301255, , , , ,initially mislabelled CAB13-0892,,201409-06, , ,FALSE,FALSE,FALSE,, ,
UF330219,CAB13-0830,herpetotherium,1,CAB13-0919,201409,M/2 or M/3, ,v06061,0.005936655476,Y,0.005965301255,X,X,X,X,Duplicate scanned in NV12 nF Dia. Specimen moved.,6/29/17,201409-06,KLR,KLR,FALSE,FALSE,FALSE,, ,
UF330287,CAB13-0898,rodent,1,CAB13-0919,201409,M/2,L,v06055,0.005936655476,Y,0.005965301255, , , , ,both R&L in this layer -- be careful,,201409-06, , ,FALSE,FALSE,FALSE,, ,
UF330308,CAB13-0919,mimoperadectes,1,CAB13-0919,201409,M/2 or M/3, ,v08182,0.005936655476,Y,0.005965301255,X,X,BROKEN,:(, ,1/31/15,201409-06,NSV, ,FALSE,FALSE,FALSE,, ,
UF330379,CAB13-0990,macrocranion,1,CAB13-0919,201409,M/1 or M/2, ,v08179,0.005936655476,Y,0.005965301255,X,BROKEN,:(,:(,"Entoconid. Too bad, otherwise very nice.",2/28/15,201409-06,NSV, ,FALSE,FALSE,FALSE,, ,
UF331993,CAB14-0647,rodent,1,CAB13-0919,201409,M/2,R,v08179,0.005936655476,Y,0.005965301255, , , , ,both R&L in this layer -- be careful,,201409-06, , ,FALSE,FALSE,FALSE,, ,
UF330256,CAB13-0867,colpocherus,2,CAB13-0919,201409,M/1, ,v06055,0.005936655476,Y,0.005965301255,X,X,X,X, ,6/30/17,201409-06,NSV, ,TRUE,TRUE,FALSE,M41149, ,
UF330321,CAB13-0932,rodent,2,CAB13-0919,201409,M/2,L,v08182,0.005936655476,Y,0.005965301255, , , , ,both R&L in this layer -- be careful,,201409-06, , ,FALSE,FALSE,FALSE,, ,
UF330365,CAB13-0976,peradectes,2,CAB13-0919,201409,M/3,R,v12016,0.005936655476,Y,0.005965301255,X,X,X,X, ,6/29/17,201409-06,NSV, ,TRUE,TRUE,TRUE,M9926, ,
UF332035,CAB14-0689,rodent,2,CAB13-0919,201409,M/2,R,v14048,0.005936655476,Y,0.005965301255, , , , ,both R&L in this layer -- be careful,,201409-06, , ,FALSE,FALSE,FALSE,, ,
UF330194,CAB13-0805,rodent,1,CAB13-0955,201409,M/2,R,v06061,0.005936655476,Y,0.005965301255, , , , ,both R&L in this layer -- be careful,,201409-06, , ,FALSE,FALSE,FALSE,, ,
UF330283,CAB13-0894,peradectes,1,CAB13-0955,201409,M/2 or M/3, ,v06055,0.005936655476,Y,0.005965301255, ,BROKEN,:(,:(,"hypoconulid broken off, otherwise good; raw surface lost in crash",1/2/17,201409-06,NSV, ,FALSE,FALSE,FALSE,, ,
UF330301,CAB13-0912,rodent,1,CAB13-0955,201409,M/2,L,v08182,0.005936655476,Y,0.005965301255, , , , ,both R&L in this layer -- be careful,,201409-06, , ,FALSE,FALSE,FALSE,, ,
UF330344,CAB13-0955,mimoperadectes,1,CAB13-0955,201409,M/2 or M/3, ,v06054,0.005936655476,Y,0.005965301255,X,X,BROKEN,:(, ,2/11/15,201409-06,NSV, ,FALSE,FALSE,FALSE,, ,
UF330411,CAB13-1022,plagioctenodon_krausae,1,CAB13-0955,201409,M/2, ,v08179,0.005936655476,Y,0.005965301255,X,X,X,X, ,4/30/15,201409-06,NSV, ,FALSE,FALSE,FALSE,, ,
UF330336,CAB13-0947,rodent,2,CAB13-0955,201409,M/2,R,v08182,0.005936655476,Y,0.005965301255, , , , ,both R&L in this layer -- be careful,,201409-06, , ,FALSE,FALSE,FALSE,, ,
UF330342,CAB13-0953,rodent,2,CAB13-0955,201409,M/2,L,v06054,0.005936655476,Y,0.005965301255, , , , ,both R&L in this layer -- be careful,,201409-06, , ,FALSE,FALSE,FALSE,, ,
UF330354,CAB13-0965,mimoperadectes,2,CAB13-0955,201409,M/4, ,v12015,0.005936655476,Y,0.005965301255,X,X,X,X,"M/4, and worn",5/19/15,201409-06,NSV, ,FALSE,FALSE,FALSE,, ,
UF326500,CAB11-0840,rodent,1,CAB13-1024,201409,M/2,R,v06061,0.005436897934,Y,0.00547923175, , , , ,both R&L in this layer -- be careful,,201409-04, , ,FALSE,FALSE,FALSE,, ,
UF326583,CAB11-0926,rodent,1,CAB13-1024,201409,M/2,L,v06061,0.005436897934,Y,0.00547923175, , , , ,both R&L in this layer -- be careful,,201409-04, , ,FALSE,FALSE,FALSE,, ,
UF330289,CAB13-0900,macrocranion,1,CAB13-1024,201409,M/1 or M/2, ,v08182,0.005436897934,Y,0.00547923175,X,BROKEN,:(,:(,entoconid gone,1/23/15,201409-04,NSV, ,FALSE,FALSE,FALSE,, ,
UF330295,CAB13-0906,mimoperadectes,1,CAB13-1024,201409,M/2 or M/3,L,v08182,0.005436897934,Y,0.00547923175,X,X,X,X,anterior crest? A little worn on trigonid.,2/6/15,201409-04,NSV, ,TRUE,TRUE,TRUE,M9924, ,
UF330413,CAB13-1024,ectypodus,1,CAB13-1024,201409,M/1, ,v08179,0.005436897934,Y,0.00547923175,BROKEN,:(,:(,:(,"really worn down, possibly broken, saved raw",12/1/16,201409-04,SHH, ,FALSE,FALSE,FALSE,, ,
UF330414,CAB13-1025,pontifactor,1,CAB13-1024,201409,M/1, ,v08179,0.005436897934,Y,0.00547923175,X,X,X,X,"intially mislabelled CAB13-0900; talonid is all wrong for marsupial, but paracone to cone-ish, not shelf-y enough for erinaceomorph. Nyctithere?",4/25/17,201409-04,NSV, ,FALSE,FALSE,FALSE,, ,
UF326869,CAB11-1215,rodent,2,CAB13-1024,201409,M/2,L,v08179,0.005436897934,Y,0.00547923175, , , , ,both R&L in this layer -- be careful,,201409-04, , ,FALSE,FALSE,FALSE,, ,
UF330277,CAB13-0888,rodent,2,CAB13-1024,201409,M/2,R,v06055,0.005436897934,Y,0.00547923175, , , , ,both R&L in this layer -- be careful,,201409-04, , ,FALSE,FALSE,FALSE,, ,
UF330300,CAB13-0911,mimoperadectes,2,CAB13-1024,201409,M/4, ,v08182,0.005436897934,Y,0.00547923175,X,X,X,X,"M/4, also, pocked",5/19/15,201409-04,NSV, ,FALSE,FALSE,FALSE,, ,
UF330399,CAB13-1010,peradectes,2,CAB13-1024,201409,M/2,L,v08179,0.005436897934,Y,0.00547923175,X,X,X,X,in hematite-purple-iron-y-stuff,6/29/17,201409-04,NSV, ,TRUE,TRUE,TRUE,M9927, ,
UF330400,CAB13-1011,ectypodus,2,CAB13-1024,201409,M/1, ,v08179,0.005436897934,Y,0.00547923175,X, , , ,"***WORTH REPAIRING; holes in teeth, saved raw;",1/1/17,201409-04,SHH, ,FALSE,FALSE,FALSE,, ,
UF330408,CAB13-1019,talpavoides,2,CAB13-1024,201409,M/2, ,v08179,0.005436897934,Y,0.00547923175,X,X,X,X,in partial dentary,6/30/17,201409-04,NSV,NSV,TRUE,TRUE,FALSE,M41151, ,
UF331629,CAB14-0285,rodent,1,CAB14-0285,201409,M/2, ,v13044,0.0111173972,Y,0.01082978352, , , , , ,,201409, , ,FALSE,FALSE,FALSE,, ,
UF325961,CAB11-0294,peradectes,1,CAB14-0656,201409,M/2 or M/3, ,v06061,0.0066080544,Y,0.006613652872,X,BROKEN,:(,:(,"originally catalogued as Peradectes, is really Herpetotherium (slender cusps, hypoconulid projection); M/2 busted, M/3 has nice trigonid, missing entoconid and hypoconulid",11/14/17,201409-07,NSV, ,TRUE,FALSE,TRUE,M12642, ,
UF328669,CAB12-1289,peradectes,1,CAB14-0656,201409,dentary M/3, ,v06061,0.0066080544,Y,0.006613652872,X,X,X,X,"dent also contains M/4, but M/4 broken; *redid the hand segmented cusp, let me know what you think, if it needs further work",6/29/17,201409-07,KMC, ,FALSE,FALSE,FALSE,, ,
UF332002,CAB14-0656,eulipotyphla,1,CAB14-0656,201409,M/1, ,v08179,0.0066080544,Y,0.006613652872,X,X,X,BROKEN,"Jaw, label field saved; id-maybe; looks nyctithere-ish to me. Only need anterior one. Posterior one (m/2) has big chip out of talonid basin-NSV",2/25/15,201409-07,KLR, ,FALSE,FALSE,FALSE,, ,
UF253591,UF253591,colpocherus,1,CAB14-0656,201409,"dentary P/4, M/1", ,v08133,0.0066080544,Y,0.006613652872,X,X,X,X, ,7/3/17,201409-07,NSV, ,TRUE,TRUE,TRUE,M8232, ,
UF331480,CAB14-0138,peradectes,2,CAB14-0656,201409,M/2, ,v08179,0.0066080544,Y,0.006613652872,X,X,X,X,"duplicate in NV8_rescan (UF_NRF) moved here, also has noticably bad beam hardening/ problems with minerals inside the fossil. Cropped anyway",6/29/17,201409-07,NSV, ,FALSE,FALSE,FALSE,, ,
UF295721,UF295721,ectypodus,2,CAB14-0656,201409,M/1, ,v12029,0.0066080544,Y,0.006613652872,x,x,x,x, ,11/20/16,201409-07,SHH, ,FALSE,FALSE,FALSE,, ,
UF332006,CAB14-0660,peradectes,1,CAB14-0660,201409,M/3, ,v08179,0.00571349496,Y,0.005748618951,X,X,X,X, ,6/29/17,201409-08,NSV, ,FALSE,FALSE,FALSE,, ,
UF332054,CAB14-0708,macrocranion<,1,CAB14-0660,201409,M/2, ,v14047,0.00571349496,Y,0.005748618951,X,X,X,X, ,4/27/15,201409-08,NSV, ,TRUE,TRUE,FALSE,M41160, ,
UF332151,CAB14-0805,nyctitheriidae,1,CAB14-0660,201409,P/4, ,v06061,0.00571349496,Y,0.005748618951,X,X,X,X, ,4/25/17,201409-08,KMC,NSV,FALSE,FALSE,FALSE,, ,
UF283717,UF283717,macrocranion,1,CAB14-0660,201409,P/4, ,v12029,0.00571349496,Y,0.005748618951,X,X,X,X, ,4/25/17,201409-08,NSV, ,TRUE,TRUE,TRUE,M8300, ,
UF295704,UF295704,ectypodus,1,CAB14-0660,201409,M/1, ,v12029,0.00571349496,Y,0.005748618951,x,x,x,BROKEN,chipped? Broken?,11/20/16,201409-08,SHH, ,FALSE,FALSE,FALSE,, ,
UF332037,CAB14-0691,talpavoides,2,CAB14-0660,201409,P/4, ,v14047,0.00571349496,Y,0.005748618951,X,X,X,X,possibly broken? Keep an eye on it.,3/12/15,201409-08,KMC, ,FALSE,FALSE,FALSE,, ,
UF332084,CAB14-0738,eulipotyphla,2,CAB14-0660,201409,"dentary M/1, M/2", ,v14047,0.00571349496,Y,0.005748618951,X,BROKEN,:(,:(,"M/2  paraconid and metaconid broken, M/1 worn extinsively so that paraconid almost entirely gone",2/25/15,201409-08,KLR,NSV,FALSE,FALSE,FALSE,, ,
UF283180,UF283180,herpetotherium,2,CAB14-0660,201409,M/2 or M/3, ,v12029,0.00571349496,Y,0.005748618951,X,X,X,X,"both wear tracks and bits of enamel gone on lingual side. Nothing to fill in, but maybe not so broken that it can't be used? Unclear.",6/29/17,201409-08,NSV, ,TRUE,TRUE,TRUE,M8631, ,
UF283732,UF283732,macrocranion,2,CAB14-0660,201409,P/4, ,v12029,0.00571349496,Y,0.005748618951,X,X,X,X, ,4/25/17,201409-08,NSV, ,TRUE,TRUE,TRUE,M8301, ,
UF295701,UF295701,ectypodus,2,CAB14-0660,201409,M/1, ,v12029,0.00571349496,Y,0.005748618951,x,x,x,BROKEN,chipped/broken?,11/20/16,201409-08,SHH, ,FALSE,FALSE,FALSE,, ,
UF251866,CAB06-0308,mimoperadectes,1,CAB14-0695,201409,M/2 or M/3, ,v06060,0.006063708617,Y,0.006088403601,BROKEN,:(,:(,:(, ,1/31/15,201409,NSV, ,FALSE,FALSE,FALSE,, ,
UF332041,CAB14-0695,peradectes,1,CAB14-0695,201409,M/2,R,v14047,0.006063708617,Y,0.006088403601,X,X,X,X, ,6/29/17,201409,NSV, ,TRUE,TRUE,TRUE,M9929, ,
UF283715,UF283715,plagioctenoides,1,CAB14-0695,201409,P/4, ,v12029,0.006063708617,Y,0.006088403601,X,X,X,X, ,2/25/15,201409,KLR, ,TRUE,TRUE,TRUE,M8651, ,
UF295722,UF295722,ectypodus,1,CAB14-0695,201409,M/1, ,v12029,0.006063708617,Y,0.006088403601,x,x,x,BROKEN,chip on side,11/20/16,201409,SHH, ,FALSE,FALSE,FALSE,, ,
UF331569,CAB14-0228,peradectes,2,CAB14-0695,201409,dentary M/2,R,v08179,0.006063708617,Y,0.006088403601,X,X,X,X,"scanned in 2 pieces, only M/2 complete",6/29/17,201409,NSV, ,TRUE,TRUE,TRUE,M9928, ,
UF325969,CAB11-0302,rodent,1,CAB14-0744,201409,M/2,R,v06061,0.006174920376,Y,0.006195998701,X,X,X,X,initially mislabelled CAB13-0940,2/5/15,201409,KMC, ,TRUE,TRUE,TRUE,M12641, ,
UF330329,CAB13-0940,rodent,1,CAB14-0744,201409,M/2,L,v08182,0.006174920376,Y,0.006195998701,X,BROKEN,:(,:(,initially mislabelled CAB11-0302; anterior ventral surface broken too high to use,2/10/15,201409,KMC, ,FALSE,FALSE,FALSE,, ,
UF332000,CAB14-0654,peradectes,1,CAB14-0744,201409,M/2 or M/3, ,v08179,0.006174920376,Y,0.006195998701,X,BROKEN,:(,:(,protoconid too broken down,3/16/15,201409,NSV, ,FALSE,FALSE,FALSE,, ,
UF332090,CAB14-0744,ectypodus,1,CAB14-0744,201409,M/1, ,v14047,0.006174920376,Y,0.006195998701,x,x,x,BROKEN,"irregular surface: rough patch on poteromedial corner, could potentially be included",11/20/16,201409,SHH, ,FALSE,FALSE,FALSE,, ,
UF332132,CAB14-0786,macrocranion,1,CAB14-0744,201409,M/2, ,v06061,0.006174920376,Y,0.006195998701,X,X,X,BROKEN,had to redo from beginning and adjust histogram due to unusually rough surface,1/20/15,201409,KMC, ,FALSE,FALSE,FALSE,, ,
UF330240,CAB13-0851,peradectes,2,CAB14-0744,201409,M/4, ,v06061,0.006174920376,Y,0.006195998701,X,X,X,X, ,3/16/15,201409,NSV, ,FALSE,FALSE,FALSE,, ,
UF330252,CAB13-0863,ectypodus,2,CAB14-0744,201409,M/1, ,v06055,0.006174920376,Y,0.006195998701,X,X,X,X, ,2/12/15,201409,KMC, ,FALSE,FALSE,FALSE,, ,
UF330334,CAB13-0945,rodent,2,CAB14-0744,201409,M/2,L,v08182,0.006174920376,Y,0.006195998701, , , , , ,,201409, , ,FALSE,FALSE,FALSE,, ,
UF330369,CAB13-0980,pontifactor,2,CAB14-0744,201409,M/2, ,v08179,0.006174920376,Y,0.006195998701,X,X,X,X,neither macrocranion or colpocherus,2/12/15,201409,KMC, ,FALSE,FALSE,FALSE,, ,
UF330186,CAB13-0797,peradectes,1,CAB14-0760,201409,M/2 or M/3, ,v06061,0.006196469069,Y,0.006216830109,X,BROKEN,:(,:(,"only did the raw surface on this one because I have a question about the surface of this tooth, seems pretty pocked marked and rough, wanted to talk to you about before moving on *Good call! You might have been able to fill in those holes, but a bigger problem is the metaconid (one of the trio of taller cusps at the front of the tooth). It's broken off (the surface is flat and choppy instead of tall, smooth, and pointy). It's broken. Can't use it. Tough luck.",1/23/15,201409,KMC, ,FALSE,FALSE,FALSE,, ,
UF330225,CAB13-0836,nyctitheriidae,1,CAB14-0760,201409,P/4, ,v06061,0.006196469069,Y,0.006216830109,X,X,X,X, ,4/25/17,201409,KMC,NSV,FALSE,FALSE,FALSE,, ,
UF330241,CAB13-0852,erinaceomorpha,1,CAB14-0760,201409,P/4, ,v06061,0.006196469069,Y,0.006216830109,X,X,X,X, ,4/25/17,201409,NSV, ,FALSE,FALSE,FALSE,, ,
UF330361,CAB13-0972,rodent,1,CAB14-0760,201409,M/2, ,v12016,0.006196469069,Y,0.006216830109, , , , , ,,201409, , ,FALSE,FALSE,FALSE,, ,
UF332103,CAB14-0757,macrocranion,1,CAB14-0760,201409,M/1 or M/2, ,v14047,0.006196469069,Y,0.006216830109,X,X,X,BROKEN,enamelless,3/18/15,201409,NSV, ,FALSE,FALSE,FALSE,, ,
UF332106,CAB14-0760,ectypodus,1,CAB14-0760,201409,M/1, ,v14047,0.006196469069,Y,0.006216830109,x,x,x,x, ,11/20/16,201409,SHH, ,FALSE,FALSE,FALSE,, ,
UF330346,CAB13-0957,rodent,2,CAB14-0760,201409,M/2, ,v06054,0.006196469069,Y,0.006216830109,X,X,X,X,*went back and saved the raw file as well as the labels,3/10/15,201409,KMC, ,FALSE,FALSE,FALSE,, ,
UF332039,CAB14-0693,peradectes,2,CAB14-0760,201409,M/2, ,v14047,0.006196469069,Y,0.006216830109,X, ,X,X, ,6/29/17,201409,NSV, ,FALSE,FALSE,FALSE,, ,
UF332115,CAB14-0769,ectypodus,2,CAB14-0760,201409,M/1, ,v06061,0.006196469069,Y,0.006216830109,X,X,X,BROKEN,too worn,2/19/15,201409,KMC, ,FALSE,FALSE,FALSE,, ,
UF332125,CAB14-0779,macrocranion,2,CAB14-0760,201409,M/1 or M/2, ,v06061,0.006196469069,Y,0.006216830109,X,BROKEN,:(,:(, ,12/10/17,201409,NSV, ,FALSE,FALSE,FALSE,, ,
UF332126,CAB14-0780,colpocherus,2,CAB14-0760,201409,P/4, ,v06061,0.006196469069,Y,0.006216830109,X,X,X,X, ,4/25/17,201409,KMC, ,TRUE,TRUE,TRUE,M8821, ,
UF332135,CAB14-0789,plagioctenoides,2,CAB14-0760,201409,M/1, ,v06061,0.006196469069,Y,0.006216830109,X,X,X,X,This file is weird-KR,2/6/15,201409,KLR, ,FALSE,FALSE,FALSE,, ,
UF330237,CAB13-0848,macrocranion<,1,CAB14-0768,201409,dP/4, ,v06061,0.00537511127,Y,0.005418931417,X,X,X,X, ,3/5/15,201409,NSV, ,FALSE,FALSE,FALSE,, ,
UF332018,CAB14-0672,mimoperadectes,1,CAB14-0768,201409,M/2 or M/3, ,v08087b,0.00537511127,Y,0.005418931417,X,X,X,X, ,5/29/15,201409,NSV, ,FALSE,FALSE,FALSE,, ,
UF332079,CAB14-0733,colpocherus,1,CAB14-0768,201409,M/1, ,v14047,0.00537511127,Y,0.005418931417,X,X,X,X,"more upright, taller trigonid, narrower entoconid: colpocherus?",7/3/17,201409,NSV, ,FALSE,FALSE,FALSE,, ,
UF332114,CAB14-0768,peradectes,1,CAB14-0768,201409,M/2 or M/3, ,v14047,0.00537511127,Y,0.005418931417,X,X,X,BROKEN,hypoconulid and paraconid chipped,2/27/15,201409,KLR, ,FALSE,FALSE,FALSE,, ,
UF283509,UF283509,ectypodus,1,CAB14-0768,201409,M/1, ,v12029,0.00537511127,Y,0.005418931417,x,x,BROKEN,:(,broken? Or really worn down? Saved raw and filled,11/27/16,201409,SHH, ,FALSE,FALSE,FALSE,, ,
UF283996,UF283996,macrocranion,1,CAB14-0768,201409,P/4, ,v12029,0.00537511127,Y,0.005418931417,X,X,X,BROKEN,lingual side really rough and bumpy. Concave chip out of anterior lower margin. Useable?,2/28/15,201409,NSV, ,TRUE,TRUE,TRUE,M8304, ,
UF330242,CAB13-0853,macrocranion<,2,CAB14-0768,201409,dP/4, ,v06061,0.00537511127,Y,0.005418931417,X,X,X,X, ,2/27/15,201409,KLR, ,FALSE,FALSE,FALSE,, ,
UF332073,CAB14-0727,macrocranion<,2,CAB14-0768,201409,M/1 or M/2, ,v14047,0.00537511127,Y,0.005418931417,X,X,X,BROKEN,enamelless,4/27/15,201409,NSV, ,FALSE,FALSE,FALSE,, ,
UF332077,CAB14-0731,macrocranion<,2,CAB14-0768,201409,dp/4,L,v14047,0.00537511127,Y,0.005418931417,X, , , ,"originally ID'd as colpocherus, almost completely unworn",4/30/15,201409,NSV, ,FALSE,FALSE,FALSE,, ,
UF283696,UF283696,macrocranion,2,CAB14-0768,201409,P/4,L,v12029,0.00537511127,Y,0.005418931417,X,X,X,X, ,4/25/17,201409,NSV, ,TRUE,TRUE,TRUE,M8302, ,
UF295703,UF295703,ectypodus,2,CAB14-0768,201409,M/1, ,v12029,0.00537511127,Y,0.005418931417,x,x,x,x, ,11/20/16,201409,SHH, ,FALSE,FALSE,FALSE,, ,
UF330335,CAB13-0946,rodent,1,CAB14-0781,201409,M/2, ,v08182,0.006063709249,Y,0.006088403601, , , , , ,,201409, , ,FALSE,FALSE,FALSE,, ,
UF331992,CAB14-0646,talpavoides,1,CAB14-0781,201409,M/1 or M/2, ,v08179,0.006063709249,Y,0.006088403601,X,X,X,X,Scan somehow ended up too big. Real length is ~1.3 mm. Surfaces remate,7/4/17,201409,NSV,NSV,FALSE,FALSE,FALSE,, ,
UF332055,CAB14-0709,plagioctenodon_krausae,1,CAB14-0781,201409,M/2, ,v14047,0.006063709249,Y,0.006088403601,X,X,X,X, ,2/16/17,201409,KLR, ,FALSE,FALSE,FALSE,, ,
UF332065,CAB14-0719,peradectes,1,CAB14-0781,201409,M/2, ,v14047,0.006063709249,Y,0.006088403601,X,X,X,X, ,6/29/17,201409,NSV, ,FALSE,FALSE,FALSE,, ,
UF332127,CAB14-0781,ectypodus,1,CAB14-0781,201409,M/1, ,v06061,0.006063709249,Y,0.006088403601,x,x,BROKEN,:(,"scraggly tooth on bottom, hard to fill/crop; sides of tooth might be too broken to save?",11/27/16,201409,SHH, ,FALSE,FALSE,FALSE,, ,
UF332152,CAB14-0806,erinaceomorpha,1,CAB14-0781,201409,P/4, ,v06061,0.006063709249,Y,0.006088403601,X,X,X,X,"""talonid basin"" broken? Compare to others",4/25/17,201409,NSV, ,FALSE,FALSE,FALSE,, ,
UF330226,CAB13-0837,nyctitheriidae,2,CAB14-0781,201409,M/X, ,v06061,0.006063709249,Y,0.006088403601,X,BROKEN,:(,:(,"Largest cusps chipped, chip near protocone(?), raw ply saved",2/23/15,201409,KLR, ,FALSE,FALSE,FALSE,, ,
UF330285,CAB13-0896,macrocranion,2,CAB14-0781,201409,M/1 or M/2, ,v06055,0.006063709249,Y,0.006088403601,X,BROKEN,:(,:(,almost every cusp broken,2/28/15,201409,NSV, ,FALSE,FALSE,FALSE,, ,
UF330350,CAB13-0961,niptomomys,2,CAB14-0781,201409,P/4, ,v12015,0.006063709249,Y,0.006088403601,X,X,X,X,"originally labelled ""CAB13-0691""; is this one broken on lingual side and along talonid ridge? Unclear",3/3/15,201409,NSV, ,FALSE,FALSE,FALSE,, ,
UF330395,CAB13-1006,rodent,2,CAB14-0781,201409,M/2, ,v08179,0.006063709249,Y,0.006088403601, , , , , ,,201409, , ,FALSE,FALSE,FALSE,, ,
UF332049,CAB14-0703,herpetotherium,2,CAB14-0781,201409,M/2 or M/3, ,v14047,0.006063709249,Y,0.006088403601,X,X,X,X,"initially ID'd as peradectes, but hypoconulid is wrong -- too lingual, and crest connecting hypoconid-hypoconulid.",6/29/17,201409,NSV, ,FALSE,FALSE,FALSE,, ,
UF330258,CAB13-0869,niptomomys,1,CAB14-0790,201409,P/4, ,v06055,0.004905254933,Y,0.004958900655,X,X,X,X, ,2/28/15,201409,NSV, ,FALSE,FALSE,FALSE,, ,
UF330405,CAB13-1016,rodent,1,CAB14-0790,201409,M/2, ,v08179,0.004905254933,Y,0.004958900655, , , , , ,,201409, , ,FALSE,FALSE,FALSE,, ,
UF332001,CAB14-0655,plagioctenodon_krausae,1,CAB14-0790,201409,M/2, ,v08179,0.004905254933,Y,0.004958900655,X,X,X,X,"Maybe ID; maybe a beautiful Macrocarnion/Colpocherus, but it's small if that's true-NSV",2/4/15,201409,KLR, ,FALSE,FALSE,FALSE,, ,
UF332047,CAB14-0701,peradectes,1,CAB14-0790,201409,M/2, ,v14047,0.004905254933,Y,0.004958900655,X,X,X,X,could stand a little extra clean-up cropping?,6/29/17,201409,NSV, ,FALSE,FALSE,FALSE,, ,
UF332118,CAB14-0772,macrocranion,1,CAB14-0790,201409,M/2, ,v06061,0.004905254933,Y,0.004958900655,X,BROKEN,:(,:(,"worn, lots of broken enamel. Bigger problem is that entoconid has an old, but large non-enamel piece missing, making it artificially short.",4/27/15,201409,NSV, ,FALSE,FALSE,FALSE,, ,
UF332136,CAB14-0790,ectypodus,1,CAB14-0790,201409,M/1, ,v06061,0.004905254933,Y,0.004958900655,X,X,X,X,"lots of little pieces attached to tooth, hard to manage",11/27/16,201409,SHH, ,FALSE,FALSE,FALSE,, ,
UF332025,CAB14-0679,macrocranion<,1,CAB14-0791,201409,M/1, ,v08087b,0.0047287398,Y,0.004785400782,X,X,X,X, ,4/29/15,201409-09,NSV, ,TRUE,TRUE,FALSE,M41157, ,
UF332044,CAB14-0698,rodent,1,CAB14-0791,201409,M/2, ,v14047,0.0047287398,Y,0.004785400782, , , , , ,,201409-09, , ,FALSE,FALSE,FALSE,, ,
UF332104,CAB14-0758,nyctitheriidae,1,CAB14-0791,201409,M/X, ,v14047,0.0047287398,:(,0.004785400782,:(,:(,:(,:(, ,5/20/15,201409-09, , ,FALSE,FALSE,FALSE,, ,
UF332137,CAB14-0791,ectypodus,1,CAB14-0791,201409,M/1, ,v06061,0.0047287398,Y,0.004785400782,x,x,x,x, ,11/20/16,201409-09,SHH, ,FALSE,FALSE,FALSE,, ,
UF332146,CAB14-0800,macrocranion,1,CAB14-0791,201409,P/4, ,v06061,0.0047287398,Y,0.004785400782,X,X,X,X, ,4/25/17,201409-09,NSV, ,FALSE,FALSE,FALSE,, ,
UF332156,CAB14-0810,peradectes,1,CAB14-0791,201409,M/2 or M/3, ,v06061,0.0047287398,Y,0.004785400782,X,X,X,BROKEN,"this one, too, hypoconid: worn or chipper?",3/18/15,201409-09,NSV, ,FALSE,FALSE,FALSE,, ,
UF330349,CAB13-0960,colpocherus,2,CAB14-0791,201409,P/4, ,v06054,0.0047287398,Y,0.004785400782,X,X,X,X,protoconid broken?,4/25/17,201409-09,NSV, ,TRUE,TRUE,TRUE,M8820, ,
UF332034,CAB14-0688,rodent,2,CAB14-0791,201409,M/2, ,v14048,0.0047287398,Y,0.004785400782, , , , , ,,201409-09, , ,FALSE,FALSE,FALSE,, ,
UF332088,CAB14-0742,macrocranion<,2,CAB14-0791,201409,M/2, ,v14047,0.0047287398,Y,0.004785400782,X,X,X,WORN,worn (grooves talonid trigonid),4/29/15,201409-09,NSV, ,FALSE,FALSE,FALSE,, ,
UF332105,CAB14-0759,plagioctenoides,2,CAB14-0791,201409,M/2, ,v14047,0.0047287398,Y,0.004785400782,X,X,X,X,"Ugly lump between two biggest cusps, not sure if normal",1/28/15,201409-09,KLR, ,FALSE,FALSE,FALSE,, ,
UF332122,CAB14-0776,ectypodus,2,CAB14-0791,201409,M/1, ,v06061,0.0047287398,Y,0.004785400782,x,x,x,x, ,11/20/16,201409-09,SHH, ,FALSE,FALSE,FALSE,, ,
UF332155,CAB14-0809,peradectes,2,CAB14-0791,201409,M/2 or M/3, ,v06061,0.0047287398,Y,0.004785400782,X,X,X,BROKEN,worn; hypoconid…is it worn down or chipped off?,3/18/15,201409-09,NSV, ,FALSE,FALSE,FALSE,, ,
USNM521514,USNM521514,colpocherus,1,Rose et al,201409,"dentary P/4, M/1, M/2", ,v14047,0,Y,0,X,X,X,X,Rose et al 2012; file called 521794 but pub says 521514,6/30/17,201409,NSV, ,FALSE,FALSE,FALSE,,Rose et al. 2012,
USNM521794,USNM521794,colpocherus<,1,Rose et al,201409,P/4,L,v14047,0,Y,0,X,X,X,X,"in dentary; labelled 521794 in pub,",4/7/17,201409,NSV, ,FALSE,FALSE,FALSE,, ,
USNM538087,USNM538087,leptacodon_donkroni<,1,Rose et al,201409,"dentary P/4, M/1, M/2", ,v14047,,Y,0,X,X,X,X,"P/4, M/1 broken, only M/2 cropped",4/17/17,201409,NSV, ,FALSE,FALSE,FALSE,, ,
USNM538091,USNM538091,leptacodon_donkroni<,1,Rose et al,201409,I/X, ,v14047,,Y,0, , , , , ,1/1/17,201409, , ,FALSE,FALSE,FALSE,, ,
USNM538092,USNM538092,plagioctenoides_tombowni<,1,Rose et al,201409,"dentary P/4, M/2, M/3",L,v14047,0,Y,0,X,X,X,X,Holotype of plagioctenoides tombowni partial dentary P4-M3 from Rachel Dunn (M/3 broken),3/9/15,201409,KLR, ,FALSE,FALSE,FALSE,, ,
USNM538093,USNM538093,plagioctenoides_microlestes<,1,Rose et al,201409,"dentary P/4, M/1",L,v14047,0,Y,0,X,X,X,X,"Plagioctenoides microlestes; P/4 done, M/1 not done (will need a lot of work)",1/1/17,201409,NSV, ,FALSE,FALSE,FALSE,, ,
USNM538323,USNM538323,macrocranion<,1,Rose et al,201409,M/2 [x2], ,v14047,0,Y,0,X,X,X,X,"both of these are actually M/2s (I think), contrary to Rose et al. 2012",5/4/15,201409,NSV, ,FALSE,FALSE,FALSE,,Rose et al. 2012,
USNM540402,USNM540402,talpavoides,1,Rose et al,201409,M/X, ,v14047,,Y,0,X,X,X,X,"Suspect ID is Plagioctenodon krausae or Talpavoides, published as Leptacodon sp. 2, see notes.",7/4/17,201409,NSV,NSV,FALSE,FALSE,FALSE,, ,
USNM538249,USNM540601,plagioctenoides,1,Rose et al,201409,M/2,R,v14047,0, ,0, , ,X,X,"files lost (cropped file recovered), will need work",2/10/17,201409,NSV, ,FALSE,FALSE,FALSE,, ,
USNM541783,USNM541783,leptacodon_sp_2,1,Rose et al,201409,M1/, ,v14047,,Y,0,X,X,X,X,"meta…style? Broken, but small, and important for comparative purposes.",7/26/16,201409,NSV, ,FALSE,FALSE,FALSE,,Rose et al. 2012,
USNM541795,USNM541795,macrocranion<,1,Rose et al,201409,"M/1, M/2", ,v14047,0,Y,0,X,X,X,X,"M/2: something odd about proportions? Proto/metaconid heights? Buccal margin?; M/1: break in ventral metaconid region, partially filled",5/4/15,201409,NSV, ,FALSE,FALSE,FALSE,,Rose et al. 2012,
USNM542133,USNM542133,macrocranion,1,Rose_et_al_scans,201409,P/4,R,v14047,1,Y,1,X,X,X,X, ,4/7/17,201409,NSV, ,FALSE,FALSE,FALSE,, ,
UCMP212800,UCMP212800,macrocranion,1,UCMP212800,201409,P/4,L,v12029,0.004992577,Y,0.005044594566,X,X,X,X,"mixed up with UCMP223723 because of mirroring, now fixed",4/14/17,201409,NSV, ,TRUE,FALSE,FALSE,,Strait 2001,
UCMP214818,UCMP214818,macrocranion,1,UCMP212800,201409,P/4,R,v12029,0.004992577,Y,0.005044594566,X,X,X,X, ,4/14/17,201409,NSV, ,TRUE,FALSE,FALSE,, ,
UCMP223723,UCMP223723,macrocranion,1,UCMP212800,201409,P/4,R,v12029,0.004992577,Y,0.005044594566,X,X,X,X,"mixed up with UCMP212800 beause of mirroring, now fixed",4/14/17,201409,NSV, ,TRUE,FALSE,FALSE,, ,
UCMP212719,UCMP212719,macrocranion,2,UCMP212800,201409,P/4,R,v12029,0.004992577,Y,0.005044594566,X,X,X,X,"talonid messy. Might be messy in real life, maybe not. Maybe not useable -- I tried to clean up, but boundaries unclear.",4/14/17,201409,NSV,NSV,TRUE,FALSE,FALSE,, ,
UCMP212747,UCMP212747,macrocranion,2,UCMP212800,201409,P/4,L,v12029,0.004992577,Y,0.005044594566,X,X,X,X,"mixed up with UCMP223725  because of mirroring, now fixed",4/14/17,201409,NSV, ,TRUE,FALSE,FALSE,,Strait 2001,
UCMP223725,UCMP223725,colpocherus,2,UCMP212800,201409,P/4,R,v12029,0.004992577,Y,0.005044594566,X,X,X,X,"mixed up with UCMP212747 because of mirroring, now fixed",4/14/17,201409,NSV, ,TRUE,FALSE,FALSE,, ,
UCMP214909,UCMP214909,macrocranion,1,UCMP223719,201409,P/4,R,v12029,0.004992517,Y,0.005044535716,X,X,X,X,"worn; mixed up with UCMP223719 because of mirroring, now fixed",4/14/17,201409,NSV, ,TRUE,FALSE,FALSE,, ,
UCMP223719,UCMP223719,macrocranion,1,UCMP223719,201409,P/4,L,v12029,0.004992517,Y,0.005044535716,X,X,X,X,"mixed up with UCMP214909 because of mirroring, now fixed",4/14/17,201409,NSV, ,TRUE,FALSE,FALSE,, ,
UCMP223724,UCMP223724,macrocranion,1,UCMP223719,201409,P/4,R,v12029,0.004992517,Y,0.005044535716,X,X,X,X, ,4/14/17,201409,NSV, ,TRUE,FALSE,FALSE,, ,
UCMP214721,UCMP214721,niptomomys,2,UCMP223719,201409,P/4,L,v12029,0.004992517,Y,0.005044535716,X,X,X,X,"mixed up with UCMP214823 because of mirroring, now fixed",1/31/15,201409,NSV, ,TRUE,FALSE,FALSE,, ,
UCMP214823,UCMP214823,macrocranion,2,UCMP223719,201409,P/4,R,v12029,0.004992517,Y,0.005044535716,X,X,X,X,"mixed up with UCMP214721 because of mirroring, now fixed",4/14/17,201409,NSV, ,TRUE,FALSE,FALSE,, ,
UCMP214919,UCMP214919,macrocranion<,2,UCMP223719,201409,"M/1, M/2",L,v12029,0.004992517,Y,0.005044535716,X,X,X,WORN, ,10/1/14,201409,NSV, ,TRUE,FALSE,FALSE,, ,
UCMP223720,UCMP223720,macrocranion,1,UCMP223720,201409,P/4,L,v12029,0.004753407,Y,0.004809668627,X,X,X,BROKEN,"paraconid busted?; mixed up with UCMP223726 because of mirroring, now fixed",4/17/17,201409,NSV, ,TRUE,FALSE,FALSE,, ,
UCMP223726,UCMP223726,colpocherus,1,UCMP223720,201409,P/4,R,v12029,0.004753407,Y,0.004809668627,X,X,X,X,"mixed up with UCMP223720 because of mirroring, now fixed",4/25/17,201409,NSV, ,TRUE,FALSE,FALSE,, ,
UCMP223729,UCMP223729,macrocranion<,1,UCMP223720,201409,"dentary P/4, M/1",R,v12029,0.004753407,Y,0.004809668627,X,X,X,X,M/1 broken,4/25/17,201409,NSV,NSV,TRUE,FALSE,FALSE,, ,
UCMP223721,UCMP223721,macrocranion,2,UCMP223720,201409,P/4,R,v12029,0.004753407,Y,0.004809668627,X,X,X,X,"mixed up with UCMP223728 because of mirroring, now fixed",4/25/17,201409,NSV, ,TRUE,FALSE,FALSE,, ,
UCMP223722,UCMP223722,macrocranion,2,UCMP223720,201409,P/4,R,v12029,0.004753407,Y,0.004809668627,X,X,X,X,scan initially mis-labeled as UCMP223723. Folder and surface file names fixed.,4/25/17,201409,KMC, ,TRUE,FALSE,FALSE,, ,
UCMP223728,UCMP223728,macrocranion,2,UCMP223720,201409,P/4,L,v12029,0.004753407,Y,0.004809668627,X,X,X,X,"mixed up with UCMP223721 because of mirroring, now fixed",4/25/17,201409,NSV, ,TRUE,FALSE,FALSE,, ,
UCMP212662,UCMP212662,colpocherus,1,UCMP223727,201409,P/4,R,v12029,0.004992577,Y,0.005044594566,X,X,X,X,"mixed up with UCMP223727 because of mirroring, now fixed",4/25/17,201409,NSV, ,TRUE,FALSE,FALSE,,Strait 2001,
UCMP214918,UCMP214918,macrocranion,1,UCMP223727,201409,P/4,R,v12029,0.004992577,Y,0.005044594566,X,X,X,X, ,4/25/17,201409,NSV, ,TRUE,FALSE,FALSE,, ,
UCMP223727,UCMP223727,macrocranion,1,UCMP223727,201409,P/4,L,v12029,0.004992577,Y,0.005044594566,BROKEN,:(,:(,:(,"mixed up with UCMP212662 because of mirroring, now fixed",1/5/15,201409,NSV, ,TRUE,FALSE,FALSE,, ,
UF331880,CAB14-0534,mimoperadectes,1,UF283179,201409,M/2 or M/3, ,v14071,0.005713494,Y,0.005748617979,X,X,X,X,"enamel chipped off protoconid, metaconid, bits of entoconid and hypoconulid, but dentine underneath is still there. Salvageable?",5/29/15,201409-13,NSV, ,FALSE,FALSE,FALSE,, ,
UF332033,CAB14-0687,plagioctenoides,1,UF283179,201409,M/1,R,v14048,0.005713494,Y,0.005748617979,X,X,X,X,in,2/4/15,201409-13,KLR, ,FALSE,FALSE,FALSE,, ,
UF332111,CAB14-0765,macrocranion<,1,UF283179,201409,M/1 or M/2, ,v14047,0.005713494,Y,0.005748617979,X,X,X,:(,file folder says 14-0756; mostly enamelless?,4/30/15,201409-13,NSV, ,FALSE,FALSE,FALSE,, ,
UF283179,UF283179,herpetotherium,1,UF283179,201409,M/2 or M/3, ,v12029,0.005713494,Y,0.005748617979,X,X,X,X,"mid-ID'd, really Herpetotherium not peradectes? Crest b/t hypoconulid and hypoconid, hypoconulid moved lingually",6/29/17,201409-13,NSV, ,TRUE,TRUE,TRUE,"M8297, M9546, M8297", ,
UF295675,UF295675,colpocherus,1,UF283179,201409,P/4, ,v12029,0.005713494,Y,0.005748617979,X,X,X,X,Initially mislabelled UF295375,4/25/17,201409-13,NSV, ,FALSE,FALSE,FALSE,, ,
UF295702,UF295702,ectypodus,1,UF283179,201409,M/1, ,v12029,0.005713494,Y,0.005748617979,X,X,X,BROKEn,too worn,1/16/15,201409-13,EMC, ,TRUE,TRUE,TRUE,M8236, ,
UF331994,CAB14-0648,nyctitheriidae,2,UF283179,201409,M/1 or M/2, ,v08179,0.005713494,Y,0.005748617979,X, , , ,"Originally ID'd as macrocranion, but paraconid pretty high and cusp-ish for colpocranion, maybe a nyctitheriid instead?",1/1/16,201409-13,NSV, ,FALSE,FALSE,FALSE,, ,
UF332015,CAB14-0669,eulipotyphla,2,UF283179,201409,M/3, ,v08080,0.005713494,Y,0.005748617979,X,X,X,X, ,2/11/15,201409-13,KLR, ,FALSE,FALSE,FALSE,, ,
UF295707,UF295707,ectypodus,2,UF283179,201409,M/1, ,v12029,0.005713494,Y,0.005748617979,X,X,X,X,"3 cusps, not 4!",2/2/15,201409-13,EMC, ,TRUE,TRUE,TRUE,M8237, ,
UF296016,UF296016,herpetotherium,2,UF283179,201409,M/2 or M/3, ,v12029,0.005713494,Y,0.005748617979,X,X,X,X,is this herpetotherium? An M/1? Both?,6/29/17,201409-13,NSV, ,TRUE,TRUE,TRUE,M8636, ,
UF296377,UF296377,macrocranion,2,UF283179,201409,P/4, ,v12029,0.005713494,Y,0.005748617979,X,X,X,X, ,4/25/17,201409-13,NSV, ,TRUE,TRUE,TRUE,M8303, ,
UF251318,CAB05-0532,mimoperadectes,1,UF283184,201409,M/2 or M/3,L,akh05010,0.006063709,Y,0.006088403601,X,X,X,X, ,1/19/15,201409,NSV, ,TRUE,TRUE,TRUE,M8364, ,
UF327843,CAB12-0457,rodent,1,UF283184,201409,M/2, ,v12029,0.006063709,Y,0.006088403601,X,X, , , ,5/30/15,201409,EMC, ,FALSE,FALSE,FALSE,, ,
UF283184,UF283184,herpetotherium,1,UF283184,201409,M/2 or M/3, ,v12029,0.006063709,Y,0.006088403601,X,X,X,X,is this also herpetotherium? Balls,6/29/17,201409,NSV, ,TRUE,TRUE,TRUE,M8633, ,
UF283619,UF283619,ectypodus,1,UF283184,201409,M/1, ,v12029,0.006063709,Y,0.006088403601,x,x,x,x, ,11/20/16,201409,SHH, ,FALSE,FALSE,FALSE,, ,
UF295423,UF295423,macrocranion<,1,UF283184,201409,dp/4, ,v12029,0.006063709,Y,0.006088403601,X,X,X,X,"Broken? Crop may not be useful; duplicate scanned 201507 trip, in UF295432 folder, moved to UF283184 folder and zipped closed. From duplicate notes: DUPLICATE SCAN: Not Useful???? Files are mislabled, folder is correct",2/6/15,201409,KLR, ,TRUE,TRUE,TRUE,M8659, ,
UF253388,CAB08-0396,mimoperadectes,2,UF283184,201409,M/2 or M/3, ,v08086,0.006063709,Y,0.006088403601,BROKEN,:(,:(,:(, ,2/6/15,201409,NSV, ,FALSE,FALSE,FALSE,, ,
UF324350,CAB09-0354,rodent,2,UF283184,201409,M/2, ,v09113,0.006063709,Y,0.006088403601, , , , , ,,201409, , ,FALSE,FALSE,FALSE,, ,
UF283182,UF283182,herpetotherium,2,UF283184,201409,M/2 or M/3, ,v12029,0.006063709,Y,0.006088403601,X,X,X,X,"File says nyct, tifs say plagio, but really, I think it's a mis-ID'd herpetotherium",6/29/17,201409,KLR, ,TRUE,TRUE,TRUE,M8240, ,
UF283845,UF283845,macrocranion,2,UF283184,201409, , ,v12029,0.006063709,Y,0.006088403601,X,X,BROKEN,:(,"originally scanned as nyctithere, but I think it was mis-ID'd and is really macrocranion. It's big and paraconid squared off.  Also, most of the enamel gone, looks very worn, chip out of hypoconid",3/25/15,201409,NSV, ,TRUE,TRUE,TRUE,M12701, ,
UF296264,UF296264,ectypodus,2,UF283184,201409,M/1, ,v12029,0.006063709,Y,0.006088403601,x,x,x,x, ,11/20/16,201409,SHH, ,FALSE,FALSE,FALSE,, ,
UF324154,CAB09-0156,rodent,1,UF283187,201409,M/2, ,v09031,0.005491931944,Y,0.005532903476, , , , , ,,201409, , ,FALSE,FALSE,FALSE,, ,
UF331401,CAB14-0069,mimoperadectes,1,UF283187,201409,M/2 or M/3,R,v13049,0.005491931944,Y,0.005532903476,X,X,X,X,"a bunch of low crests. Is that common in perfect specimens? 'Cause this one isn't perfect in terms of cusps. Good, not perfect",2/6/15,201409,NSV, ,TRUE,TRUE,TRUE,M12452, ,
UF283187,UF283187,peradectes,1,UF283187,201409,M/2, ,v12029,0.005491931944,Y,0.005532903476,X,X,X,X, ,6/29/17,201409,NSV, ,TRUE,TRUE,TRUE,M8369, ,
